3684 5734
790 684 969 742 anonam
1336 685 1453 742 CXXIII

296 843 420 912 Lucilii
456 845 561 912 frusto
598 847 750 934 probare,
785 847 920 915 Pacuvii
952 851 1145 916 erectoritute
1178 850 1227 915 uti
1258 851 1380 936 potnit,
1417 854 1453 916 ut

296 955 411 1040 ipsum
430 955 529 1036 sendo
548 953 687 1020 formam
711 979 749 1021 ex
772 957 968 1043 antiquitat-e
991 959 1160 1040 repeteret.

391 1059 527 1126 Minime
549 1063 712 1145 persuasit
734 1063 896 1150 Bergkius
910 1063 1026 1128 Philol.
1049 1061 1156 1127 XXXI
1179 1064 1244 1128 249
1263 1061 1452 1130 Ciceronem

296 1165 341 1232 de
364 1190 412 1232 or.
433 1167 475 1232 II.
497 1169 580 1252 461,
605 1169 666 1234 193
690 1168 761 1256 (ubi
785 1171 900 1236 Teucri
925 1170 963 1234 fr.
986 1169 1048 1234 XII
1072 1167 1237 1257 laudatur)
1266 1172 1451 1237 Telamonis

295 1275 403 1340 verbo
418 1276 580 1359 ponrpolr'c
603 1276 793 1360 cappellesse.

392 1383 457 1446 337
481 1405 528 1468 sq.
550 1406 611 1466 pra
633 1405 693 1448 suu
709 1391 802 1467 porte
826 1386 912 1465 falsa
935 1386 1161 1466 confictam,
1190 1390 1329 1450 canunt
1351 1383 1450 1472 Berg-

294 1489 375 1552 kius
403 1488 520 1555 Philol.
547 1489 687 1554 XXXIII
715 1492 794 1574 296,
831 1491 910 1554 haee
944 1490 1073 1575 quidem
1105 1513 1171 1555 non
1199 1491 1353 1574 inprobili
1383 1515 1450 1554 sris-

294 1597 443 1680 picione,
470 1597 504 1660 in
530 1619 569 1662 eo
597 1600 708 1661 tumen
735 1597 821 1682 qnod
845 1604 935 1680 laerte
963 1597 1120 1682 defundit,
1148 1622 1167 1662 a
1191 1620 1266 1663 vero
1290 1599 1451 1663 sententia

293 1701 467 1768 aberrans.

391 1811 457 1876 350
480 1811 526 1876 sic
551 1811 648 1876 scribi
671 1811 785 1876 suadet
807 1811 932 1875 Keilius
957 1834 1152 1896 quaarnqusun
1176 1811 1374 1877 dubita-nter:

560 1918 604 1982 ite
628 1919 716 2004 agite
739 1942 811 1984 earn
836 1918 945 1983 uellite
969 1919 1074 2002 rapite
1099 1942 1204 2004 cenna,

292 2045 431 2088 versum
455 2029 564 2088 curtem
587 2027 668 2090 352:

606 2133 775 2198 discindite
798 2138 905 2198 vestes
930 2134 1019 2198 ocius
1043 2156 1140 2216 nune,

291 2240 466 2322 nentrum,
494 2238 522 2303 si
549 2241 626 2324 quid
654 2242 773 2323 sentio,
800 2245 837 2304 ut
865 2241 945 2305 sotis
973 2240 1072 2304 faeiat
1095 2241 1146 2303 uel
1171 2241 1287 2323 poetae
1310 2239 1361 2303 vel
1385 2262 1448 2304 nle-

292 2345 434 2410 moriae.
474 2347 596 2411 asaiae
617 2348 681 2412 iarn
701 2346 839 2412 Bothius
864 2347 1054 2410 coniecerat.
1099 2347 1137 2410 In
1156 2345 1317 2410 Victorini
1342 2347 1448 2410 verbis

294 2451 1449 2519 uideanarrorninestreacle-tiorestituendumsit:rnrrninis›niuliluisextat.

389 2559 455 2624 3913
480 2559 613 2624 I‘lenurn
637 2563 857 2644 septenarium

514 2671 684 2750 minuamur
708 2669 878 2733 calamitas
901 2669 1069 2750 correpturos·
1093 2691 1120 2731 a.
1144 2690 1173 2730 a.
1196 2689 1223 2732 e.

295 2771 461 2858 IlergIdns
484 2773 505 2836 l.
527 2773 549 2839 l.
572 2775 637 2838 273
663 2775 903 2862 redintegravit.

389 2881 454 2945 398
478 2901 524 2964 sq.
562 2879 764 2946 Offensiones
797 2904 909 2946 ornnes
943 2882 1092 2962 effugias,
1127 2881 1152 2943 si
1183 2879 1340 2943 Varronis
1372 2901 1447 2941 rusius

294 2999 425 3070 satum,
452 2987 543 3052 euius
571 2986 678 3052 locum
708 2990 741 3052 in
765 2990 975 3053 adnotatione.
1003 2987 1147 3071 laudaui,
1177 2986 1341 3050 senarium
1363 2985 1447 3050 hunc

297 3097 365 3157 len·
390 3117 407 3158 a
433 3092 574 3158 Pacuvio
598 3097 755 3178 scripturn
780 3095 880 3158 fuisse
904 3098 1044 3158 statuas:

483 3203 562 3280 lein:
586 3201 675 3282 reda]
701 3202 822 3266 volueri
848 3203 949 3266 currit
972 3225 1030 3266 erne
1054 3201 1256 3285 quadriiugo.

388 3304 493 3370 l'raet.
522 3307 543 3370 4
571 3305 615 3390 (p.
643 3305 722 3394 280)
754 3313 828 3373 autu
863 3308 1093 3374 llneclrulerurn
1127 3309 1193 3373 iam
1221 3306 1447 3372 Fleckeisenus

297 3415 390 3478 mise.
413 3414 484 3478 erit.
507 3415 552 3478 42
575 3415 772 3480 restituerat.

392 3626 489 3710 Apud
511 3625 681 3692 Aeclvn
704 3651 733 3692 r.
760 3631 799 3694 10
814 3652 860 3713 sq.
884 3629 1099 3693 audacissime
1114 3628 1274 3712 Bergkius
1297 3627 1317 3690 l.
1334 3627 1446 3692 1207:

725 3737 780 3816 qni
802 3736 916 3798 classis
940 3736 1068 3800 trahere
1092 3737 1126 3800 in
1151 3736 1254 3798 saulum

512 3843 546 3904 et
569 3841 640 3905 vela
663 3845 834 3906 uentorum
859 3843 986 3906 animae
1011 3844 1169 3906 ›raiaeilrrra‘s
1191 3845 1273 3906 aare.

299 3969 401 4032 neque
429 3947 561 4012 onmino
591 3947 624 4010 in
652 3947 711 4010 tali
739 3971 887 4014 sermone
915 3955 986 4014 erat
1014 3973 1069 4014 cur
1098 3949 1307 4032 profectionis
1337 3949 1445 4033 imago

299 4060 366 4120 tarn
389 4055 522 4136 copiose
545 4059 763 4118 exornaretur.

385 4159 424 4224 In
454 4183 482 4224 r.
509 4161 553 4224 42
581 4184 649 4244 sqq.
681 4161 774 4226 ualde
807 4162 927 4227 infelici
961 4163 1163 4226 eurrieeturae
1192 4163 1328 4227 irnlulsit
1355 4162 1446 4226 Aem.

301 4265 464 4332 Baehrens
487 4266 508 4330 l.
531 4266 552 4330 l.
575 4267 674 4332 scribi
698 4269 811 4333 iubens

725 4374 914 4440 inimicitias
937 4376 1127 4461 Pelopidam

511 4481 686 4565 extinctas,
709 4487 798 4546 auau.
821 4483 1028 4547 oblitteratas
1054 4485 1211 4549 anemoria

511 4608 676 4652 renovare,

302 4693 383 4758 Xam
413 4698 498 4758 teratu
527 4697 673 4760 rnernoriu
702 4697 775 4782 quis
805 4720 957 4782 uniquam
981 4697 1060 4763 «lixit
1085 4723 1144 4784 pro
1169 4703 1262 4764 tanta
1286 4699 1444 4785 temporis
