3684 5734
746 693 1010 750 COROLLAlthM
1403 697 1449 752 CV

284 881 376 924 noro
400 857 554 942 exemplo
578 858 774 923 monstra-vit
796 862 953 943 quantum
977 883 996 922 o
1020 858 1217 924 Graecorum
1237 881 1362 942 quoque
1379 864 1448 924 arte

286 965 443 1032 scaenica
466 965 536 1029 eius
560 965 734 1031 abhorreat
757 964 935 1049 disciplina.
981 965 1020 1030 In
1044 968 1145 1031 altero
1170 965 1339 1032 Menandri
1362 967 1449 1054 frag-

286 1077 405 1140 mento
429 1072 515 1139 idem
541 1071 745 1138 scribendum
768 1075 877 1158 putat:

884 1219 1007 1301 κυρίαν
1029 1224 1088 1299 τῆς
1112 1218 1217 1292 οἰκίας

405 1321 464 1388 καὶ
486 1329 556 1388 τῶν
578 1316 708 1408 ἀγρῶν,
730 1321 785 1388 καὶ
808 1317 921 1388 πάντ’
949 1323 1088 1406 ἐκείνης·
1115 1320 1212 1408 [ἔστι
1237 1312 1344 1405 δ’ὧν]

403 1425 543 1514 ἔχομεν,
560 1424 741 1508 Ἄπολλον,
763 1426 808 1508 ὡς
830 1436 982 1516 χαλεπῶν
1005 1427 1245 1514 χαλεπώτατον.

384 1574 507 1656 Turpi
513 1573 561 1638 lii
583 1595 711 1638 versum
738 1575 778 1638 15
803 1574 1041 1638 intolerabilem
1066 1575 1171 1637 ‘intere
1194 1572 1291 1653 ocequ
1311 1577 1339 1636 ct
1357 1575 1448 1637 luter-

285 1683 365 1746 duru
389 1681 590 1745 pascuario
612 1680 756 1746 edolavit
778 1703 809 1764 p.
832 1682 907 1745 662.

383 1787 430 1852 83
445 1809 493 1870 sq.
531 1785 681 1870 Optimos
696 1787 856 1853 bacclreos
879 1786 1066 1852 incredibile
1087 1789 1207 1868 ‹pranlu
1225 1787 1305 1849 artis
1321 1786 1449 1849 inscitia

287 1895 321 1958 in
348 1879 514 1958 horridos·
531 1896 676 1958 senarios
700 1895 875 1960 mutaverit
894 1893 1113 1975 sermonisque
1129 1896 1160 1955 et
1175 1893 1353 1957 sententiae
1368 1892 1448 1956 inte-

286 2001 450 2088 gritatem
475 2001 655 2084 corruperit
678 2025 708 2086 p.
732 2003 795 2066 667
821 2001 882 2066 sic:

827 2155 936 2244 satin’,
959 2164 996 2224 ut
1018 2183 1124 2223 meum

511 2289 567 2332 cor
590 2269 625 2332 se
647 2263 865 2352 voluptatrlru'
892 2271 951 2351 det,
975 2267 1206 2331 irnmortrilitus

512 2397 581 2440 sese
605 2375 725 2441 obtulit
748 2377 792 2441 nri
815 2377 895 2441 haesc
918 2374 1080 2439 facultas?

382 2516 426 2583 V.
450 2518 511 2582 186
533 2517 626 2583 foede
650 2520 691 2584 ab
715 2543 749 2584 se
772 2520 807 2583 in
831 2519 938 2601 priore
963 2517 1123 2581 volumine.
1148 2518 1354 2600 deturpatum
1375 2538 1446 2580 curn

287 2649 366 2692 sero
396 2625 605 2706 intellexerit,
634 2647 700 2689 non
727 2626 831 2690 multo
859 2624 1112 2689 tolerabiliorem
1140 2645 1242 2706 nuper
1269 2624 1301 2687 in
1330 2623 1393 2686 rol.
1417 2620 1448 2686 ll

288 2757 320 2818 p.
347 2733 417 2798 052
440 2731 540 2795 talem
564 2733 748 2816 proposuit:

383 2852 576 2920 meretrices
600 2856 640 2920 ad
664 2879 714 2921 me
738 2858 778 2921 (κε’
795 2855 956 2921 cieiuilcitc
979 2858 1103 2936 aliquae
1126 2857 1344 2919 convenerunt

289 3003 352 3048 nec
378 2981 414 3044 in
437 3001 591 3044 caesurae
616 2979 741 3045 defectu
764 3004 824 3045 nec
842 2982 876 3044 in
891 2985 1067 3063 anapaesto
1084 2980 1173 3063 pedis
1189 2981 1270 3043 sext-i
1285 2978 1449 3043 offendens

289 3110 400 3172 neque
424 3086 571 3150 mutandi
597 3087 764 3152 audaciam
787 3088 854 3152 ullo
880 3091 1072 3170 argumento
1097 3109 1261 3150 excusans.

386 3193 529 3258 Versum
548 3195 610 3258 201
637 3195 670 3258 iu
695 3196 783 3259 exitu
808 3193 978 3259 scribendo
1002 3216 1135 3276 praecipue
1149 3194 1324 3258 huiusmodi
1338 3215 1368 3275 p.
1384 3192 1448 3256 662

291 3309 423 3388 septem
457 3301 581 3364 scilicet
613 3302 775 3366 senarium
813 3302 948 3386 pedibus
986 3301 1115 3382 ditavit3
1152 3301 1186 3364 in
1220 3301 1364 3384 sequenti
1396 3298 1448 3363 his

291 3411 373 3474 cilia
395 3458 422 3474 ..
436 3409 567 3472 irunlure'
588 3409 684 3472 solur!
707 3410 901 3473 sententiam
921 3409 1084 3493 pervertit.

388 3569 484 3634 Pan.
510 3570 576 3634 inc.
598 3569 665 3633 inc.
689 3570 741 3634 30.
787 3568 825 3634 In
847 3567 1012 3634 Ciceronis
1037 3568 1144 3633 verbis
1168 3566 1364 3631 dissimulare
1386 3587 1449 3630 eron

292 3680 388 3758 sinii,
410 3677 466 3759 pui
488 3673 523 3760 (i.
547 3697 572 3739 e.
596 3673 674 3760 quo)
697 3677 821 3742 delecter·
844 3698 903 3759 pro
928 3675 1049 3740 tradito
1073 3676 1149 3756 qru'a-
1172 3672 1268 3736 scribi
1298 3671 1393 3734 iussit
1419 3694 1449 3754 p.

299 3785 364 3850 190
378 3783 615 3867 infelicissima,
638 3785 676 3846 ut
690 3783 771 3848 mihi
784 3782 926 3866 videtur,
945 3786 978 3846 et
992 3782 1086 3864 plane
1101 3778 1273 3844 temeraria
1287 3778 1447 3860 opinione:

292 3915 373 3956 num
398 3890 572 3955 sanissimo
595 3893 671 3954 sunt
694 3911 776 3975 qnae
800 3889 835 3953 in
857 3888 950 3952 libris
974 3887 1134 3972 leguntur.

388 4066 485 4152 Apud
518 4067 702 4132 Titinium
739 4089 767 4131 v.
801 4067 844 4130 22
881 4068 1049 4149 adpensus
1086 4066 1193 4129 luriunt
1225 4066 1279 4148 (μα’
1311 4086 1341 4147 p.
1375 4063 1449 4147 664,

294 4175 385 4242 hand
409 4174 504 4239 male.

388 4283 432 4346 93
455 4303 545 4364 prior,
568 4284 605 4344 ut
627 4281 697 4364 ipse
721 4279 849 4364 scripsi,
876 4279 1060 4363 Madvigius
1086 4299 1210 4362 quoque
1234 4300 1264 4361 p.
1289 4277 1366 4360 667,
1395 4276 1450 4359 qui

293 4397 411 4456 tamen
430 4388 654 4472 septenarium
678 4409 749 4451 cum
772 4408 838 4451 non
854 4387 1056 4472 agnovisset,
1079 4385 1239 4449 senarium
1256 4383 1289 4446 in
1306 4385 1363 4446 >uei
1376 4404 1449 4467 pro-

294 4497 429 4564 nomine
452 4495 577 4560 clausit.

394 4603 454 4666 16ῖ
479 4599 567 4686 logis
590 4622 645 4666 cur
667 4598 820 4684 candidis,
842 4599 962 4663 tunicis
986 4605 1020 4664 ut
1044 4598 1181 4662 sordidis
1207 4597 1280 4674 sint,
1304 4594 1428 4685 c'dicis?⁴
1471 4574 1476 4584 ι

390 4731 420 4793 p.
443 4707 508 4774 668
531 4708 627 4792 plane.
649 4708 825 4794 pueriliter.
