<?xml version="1.0" encoding="UTF-8"?>
<!DOCTYPE html PUBLIC "-//W3C//DTD XHTML 1.0 Transitional//EN"
    "http://www.w3.org/TR/xhtml1/DTD/xhtml1-transitional.dtd">
<html xmlns="http://www.w3.org/1999/xhtml" xml:lang="en" lang="en">
 <head>
  <title>
</title>
<meta http-equiv="Content-Type" content="text/html;charset=utf-8" />
  <meta name='ocr-system' content='tesseract 3.04.00' />
  <meta name='ocr-capabilities' content='ocr_page ocr_carea ocr_par ocr_line ocrx_word'/>
</head>
<body>
  <div class='ocr_page' id='page_1' title='image "./scaenicaeromano03ribbgoog_0123.png"; bbox 0 0 3684 5734; ppageno 0'>
   <div class='ocr_carea' id='block_1_1' title="bbox 852 666 1515 730">
    <p class='ocr_par' dir='ltr' id='par_1_1' title="bbox 852 666 1515 730">
     <span class='ocr_line' id='line_1_1' title="bbox 852 666 1515 730; baseline 0.014 -9"><span class='ocrx_word' id='word_1_1' title='bbox 852 666 1031 722; x_wconf 75' lang='lat' dir='ltr'><strong>ADDENDA</strong></span> <span class='ocrx_word' id='word_1_2' title='bbox 1414 673 1515 730; x_wconf 80' lang='lat' dir='ltr'>CXVII</span> 
     </span>
    </p>
   </div>
   <div class='ocr_carea' id='block_1_2' title="bbox 347 825 1514 4757">
    <p class='ocr_par' dir='ltr' id='par_1_2' title="bbox 347 825 1514 4757">
     <span class='ocr_line' id='line_1_2' title="bbox 348 825 1511 916; baseline 0.01 -26"><span class='ocrx_word' id='word_1_3' title='bbox 348 829 399 890; x_wconf 82' lang='lat' dir='ltr'>est</span> <span class='ocrx_word' id='word_1_4' title='bbox 424 825 696 894; x_wconf 85' lang='lat' dir='ltr'>adulescentulus</span> <span class='ocrx_word' id='word_1_5' title='bbox 720 831 798 912; x_wconf 88' lang='lat' dir='ltr'>puto</span> <span class='ocrx_word' id='word_1_6' title='bbox 822 829 932 894; x_wconf 87' lang='lat' dir='ltr'>neseio</span> <span class='ocrx_word' id='word_1_7' title='bbox 956 831 1042 914; x_wconf 85' lang='lat' dir='ltr'>quis,</span> <span class='ocrx_word' id='word_1_8' title='bbox 1066 833 1177 914; x_wconf 77' lang='lat' dir='ltr'>epra-les</span> <span class='ocrx_word' id='word_1_9' title='bbox 1201 832 1234 896; x_wconf 90' lang='lat' dir='ltr'>in</span> <span class='ocrx_word' id='word_1_10' title='bbox 1258 833 1423 916; x_wconf 85' lang='lat' dir='ltr'>palaestra</span> <span class='ocrx_word' id='word_1_11' title='bbox 1447 837 1511 903; x_wconf 89' lang='lat' dir='ltr'>ista</span> 
     </span>
     <span class='ocr_line' id='line_1_3' title="bbox 347 935 1514 1022; baseline 0.01 -25"><span class='ocrx_word' id='word_1_12' title='bbox 347 935 547 1000; x_wconf 87' lang='lat' dir='ltr'>tirocinium</span> <span class='ocrx_word' id='word_1_13' title='bbox 583 935 761 999; x_wconf 77' lang='lat' dir='ltr'>insolenter</span> <span class='ocrx_word' id='word_1_14' title='bbox 795 957 891 1020; x_wconf 85' lang='lat' dir='ltr'>saepe</span> <span class='ocrx_word' id='word_1_15' title='bbox 920 937 1139 1002; x_wconf 73' lang='lat' dir='ltr'>balbutientes</span> <span class='ocrx_word' id='word_1_16' title='bbox 1171 960 1289 1022; x_wconf 90' lang='lat' dir='ltr'>ponere</span> <span class='ocrx_word' id='word_1_17' title='bbox 1321 940 1435 1005; x_wconf 85' lang='lat' dir='ltr'>solent.</span> <span class='ocrx_word' id='word_1_18' title='bbox 1481 947 1514 1009; x_wconf 88' lang='lat' dir='ltr'>et</span> 
     </span>
     <span class='ocr_line' id='line_1_4' title="bbox 350 1040 1512 1128; baseline 0.009 -24"><span class='ocrx_word' id='word_1_19' title='bbox 350 1065 556 1128; x_wconf 84' lang='lat' dir='ltr'>quamquam</span> <span class='ocrx_word' id='word_1_20' title='bbox 578 1041 754 1106; x_wconf 74' lang='lat' dir='ltr'>verendum</span> <span class='ocrx_word' id='word_1_21' title='bbox 777 1040 831 1104; x_wconf 80' lang='lat' dir='ltr'>vix</span> <span class='ocrx_word' id='word_1_22' title='bbox 855 1044 918 1126; x_wconf 81' lang='lat' dir='ltr'>est,</span> <span class='ocrx_word' id='word_1_23' title='bbox 947 1065 986 1106; x_wconf 90' lang='lat' dir='ltr'>ne</span> <span class='ocrx_word' id='word_1_24' title='bbox 1010 1045 1116 1127; x_wconf 87' lang='lat' dir='ltr'>perito</span> <span class='ocrx_word' id='word_1_25' title='bbox 1142 1046 1291 1128; x_wconf 81' lang='lat' dir='ltr'>cmiquam</span> <span class='ocrx_word' id='word_1_26' title='bbox 1315 1050 1382 1110; x_wconf 91' lang='lat' dir='ltr'>tam</span> <span class='ocrx_word' id='word_1_27' title='bbox 1406 1049 1512 1114; x_wconf 84' lang='lat' dir='ltr'>inanis</span> 
     </span>
     <span class='ocr_line' id='line_1_5' title="bbox 351 1148 1512 1234; baseline 0.006 -20"><span class='ocrx_word' id='word_1_28' title='bbox 351 1149 545 1214; x_wconf 87' lang='lat' dir='ltr'>coniectura</span> <span class='ocrx_word' id='word_1_29' title='bbox 570 1148 765 1232; x_wconf 72' lang='lat' dir='ltr'>inposuerit,</span> <span class='ocrx_word' id='word_1_30' title='bbox 787 1152 910 1234; x_wconf 88' lang='lat' dir='ltr'>tamen,</span> <span class='ocrx_word' id='word_1_31' title='bbox 933 1171 973 1212; x_wconf 91' lang='lat' dir='ltr'>ne</span> <span class='ocrx_word' id='word_1_32' title='bbox 998 1151 1179 1214; x_wconf 71' lang='lat' dir='ltr'>(lectissimi</span> <span class='ocrx_word' id='word_1_33' title='bbox 1200 1152 1261 1215; x_wconf 81' lang='lat' dir='ltr'>viri</span> <span class='ocrx_word' id='word_1_34' title='bbox 1283 1156 1512 1222; x_wconf 76' lang='lat' dir='ltr'>:meteritatcm</span> 
     </span>
     <span class='ocr_line' id='line_1_6' title="bbox 352 1255 1512 1341; baseline 0.007 -21"><span class='ocrx_word' id='word_1_35' title='bbox 352 1277 509 1341; x_wconf 82' lang='lat' dir='ltr'>spernere</span> <span class='ocrx_word' id='word_1_36' title='bbox 538 1256 664 1338; x_wconf 79' lang='lat' dir='ltr'>ridear,</span> <span class='ocrx_word' id='word_1_37' title='bbox 690 1256 833 1320; x_wconf 73' lang='lat' dir='ltr'>breviter</span> <span class='ocrx_word' id='word_1_38' title='bbox 860 1256 938 1338; x_wconf 86' lang='lat' dir='ltr'>quid</span> <span class='ocrx_word' id='word_1_39' title='bbox 962 1256 999 1322; x_wconf 84' lang='lat' dir='ltr'>cle</span> <span class='ocrx_word' id='word_1_40' title='bbox 1024 1255 1176 1341; x_wconf 77' lang='lat' dir='ltr'>Scipione</span> <span class='ocrx_word' id='word_1_41' title='bbox 1200 1264 1349 1340; x_wconf 80' lang='lat' dir='ltr'>pmmmto</span> <span class='ocrx_word' id='word_1_42' title='bbox 1373 1263 1512 1328; x_wconf 86' lang='lat' dir='ltr'>sentiam</span> 
     </span>
     <span class='ocr_line' id='line_1_7' title="bbox 352 1363 1511 1450; baseline 0.006 -25"><span class='ocrx_word' id='word_1_43' title='bbox 352 1386 529 1448; x_wconf 84' lang='lat' dir='ltr'>exponam.</span> <span class='ocrx_word' id='word_1_44' title='bbox 576 1363 623 1427; x_wconf 83' lang='lat' dir='ltr'>Ac</span> <span class='ocrx_word' id='word_1_45' title='bbox 647 1363 789 1446; x_wconf 90' lang='lat' dir='ltr'>primum</span> <span class='ocrx_word' id='word_1_46' title='bbox 808 1384 929 1446; x_wconf 81' lang='lat' dir='ltr'>paneae</span> <span class='ocrx_word' id='word_1_47' title='bbox 944 1364 1019 1427; x_wconf 89' lang='lat' dir='ltr'>illac</span> <span class='ocrx_word' id='word_1_48' title='bbox 1035 1387 1115 1448; x_wconf 83' lang='lat' dir='ltr'>cprac</span> <span class='ocrx_word' id='word_1_49' title='bbox 1131 1368 1243 1428; x_wconf 85' lang='lat' dir='ltr'>extant</span> <span class='ocrx_word' id='word_1_50' title='bbox 1257 1363 1357 1450; x_wconf 70' lang='lat' dir='ltr'>(apud</span> <span class='ocrx_word' id='word_1_51' title='bbox 1372 1367 1511 1432; x_wconf 79' lang='lat' dir='ltr'>tlcllium</span> 
     </span>
     <span class='ocr_line' id='line_1_8' title="bbox 351 1467 1510 1556; baseline 0.004 -21"><span class='ocrx_word' id='word_1_52' title='bbox 351 1469 397 1535; x_wconf 83' lang='lat' dir='ltr'>ll&#39;</span> <span class='ocrx_word' id='word_1_53' title='bbox 425 1473 444 1536; x_wconf 78' lang='lat' dir='ltr'>&#39;c&#39;</span> <span class='ocrx_word' id='word_1_54' title='bbox 475 1475 512 1534; x_wconf 89' lang='lat' dir='ltr'>et-</span> <span class='ocrx_word' id='word_1_55' title='bbox 539 1469 741 1534; x_wconf 80' lang='lat' dir='ltr'>llacrobium</span> <span class='ocrx_word' id='word_1_56' title='bbox 769 1467 836 1532; x_wconf 83' lang='lat' dir='ltr'>Sat.</span> <span class='ocrx_word' id='word_1_57' title='bbox 859 1467 951 1534; x_wconf 70' lang='lat' dir='ltr'>VI?</span> <span class='ocrx_word' id='word_1_58' title='bbox 981 1473 1013 1533; x_wconf 87' lang='lat' dir='ltr'>et</span> <span class='ocrx_word' id='word_1_59' title='bbox 1036 1473 1071 1556; x_wconf 73' lang='lat'>4)</span> <span class='ocrx_word' id='word_1_60' title='bbox 1102 1474 1189 1535; x_wconf 85' lang='lat' dir='ltr'>certo</span> <span class='ocrx_word' id='word_1_61' title='bbox 1220 1472 1409 1536; x_wconf 83' lang='lat' dir='ltr'>testimonio</span> <span class='ocrx_word' id='word_1_62' title='bbox 1438 1474 1510 1540; x_wconf 90' lang='lat' dir='ltr'>indo</span> 
     </span>
     <span class='ocr_line' id='line_1_9' title="bbox 352 1575 1511 1663; baseline 0.003 -21"><span class='ocrx_word' id='word_1_63' title='bbox 352 1581 528 1663; x_wconf 82' lang='lat' dir='ltr'>excerptae</span> <span class='ocrx_word' id='word_1_64' title='bbox 560 1575 715 1660; x_wconf 84' lang='lat' dir='ltr'>reliquiae</span> <span class='ocrx_word' id='word_1_65' title='bbox 747 1596 784 1639; x_wconf 96' lang='lat' dir='ltr'>co</span> <span class='ocrx_word' id='word_1_66' title='bbox 817 1575 904 1638; x_wconf 88' lang='lat' dir='ltr'>iuter</span> <span class='ocrx_word' id='word_1_67' title='bbox 937 1597 971 1639; x_wconf 89' lang='lat' dir='ltr'>se</span> <span class='ocrx_word' id='word_1_68' title='bbox 1004 1576 1099 1660; x_wconf 83' lang='lat' dir='ltr'>pla-nc</span> <span class='ocrx_word' id='word_1_69' title='bbox 1132 1580 1326 1660; x_wconf 68' lang='lat' dir='ltr'>congruunt,</span> <span class='ocrx_word' id='word_1_70' title='bbox 1360 1579 1445 1660; x_wconf 88' lang='lat' dir='ltr'>quod</span> <span class='ocrx_word' id='word_1_71' title='bbox 1478 1583 1511 1644; x_wconf 88' lang='lat' dir='ltr'>et</span> 
     </span>
     <span class='ocr_line' id='line_1_10' title="bbox 352 1681 1512 1765; baseline 0.001 -17"><span class='ocrx_word' id='word_1_72' title='bbox 352 1689 439 1750; x_wconf 89' lang='lat' dir='ltr'>intra</span> <span class='ocrx_word' id='word_1_73' title='bbox 465 1706 575 1750; x_wconf 88' lang='lat' dir='ltr'>merae</span> <span class='ocrx_word' id='word_1_74' title='bbox 598 1682 797 1748; x_wconf 85' lang='lat' dir='ltr'>narrationis</span> <span class='ocrx_word' id='word_1_75' title='bbox 821 1681 872 1744; x_wconf 85' lang='lat' dir='ltr'>rel</span> <span class='ocrx_word' id='word_1_76' title='bbox 895 1681 1121 1765; x_wconf 66' lang='lat' dir='ltr'>descriptionis</span> <span class='ocrx_word' id='word_1_77' title='bbox 1145 1683 1226 1746; x_wconf 84' lang='lat' dir='ltr'>fines</span> <span class='ocrx_word' id='word_1_78' title='bbox 1250 1685 1456 1748; x_wconf 88' lang='lat' dir='ltr'>continentur</span> <span class='ocrx_word' id='word_1_79' title='bbox 1479 1691 1512 1750; x_wconf 88' lang='lat' dir='ltr'>et</span> 
     </span>
     <span class='ocr_line' id='line_1_11' title="bbox 351 1787 1510 1873; baseline 0.002 -19"><span class='ocrx_word' id='word_1_80' title='bbox 351 1791 468 1856; x_wconf 86' lang='lat' dir='ltr'>eodem</span> <span class='ocrx_word' id='word_1_81' title='bbox 500 1795 623 1873; x_wconf 88' lang='lat' dir='ltr'>metro,</span> <span class='ocrx_word' id='word_1_82' title='bbox 658 1788 816 1872; x_wconf 85' lang='lat' dir='ltr'>quadrato</span> <span class='ocrx_word' id='word_1_83' title='bbox 845 1787 1014 1872; x_wconf 89' lang='lat' dir='ltr'>nimirum,</span> <span class='ocrx_word' id='word_1_84' title='bbox 1050 1789 1300 1872; x_wconf 74' lang='lat' dir='ltr'>comprehensae</span> <span class='ocrx_word' id='word_1_85' title='bbox 1331 1795 1414 1855; x_wconf 88' lang='lat' dir='ltr'>sunt.</span> <span class='ocrx_word' id='word_1_86' title='bbox 1460 1796 1510 1856; x_wconf 89' lang='lat' dir='ltr'>est</span> 
     </span>
     <span class='ocr_line' id='line_1_12' title="bbox 351 1895 1508 1984; baseline -0.002 -24"><span class='ocrx_word' id='word_1_87' title='bbox 351 1905 465 1960; x_wconf 88' lang='lat' dir='ltr'>autem</span> <span class='ocrx_word' id='word_1_88' title='bbox 487 1896 605 1960; x_wconf 87' lang='lat' dir='ltr'>harum</span> <span class='ocrx_word' id='word_1_89' title='bbox 629 1918 779 1960; x_wconf 76' lang='lat' dir='ltr'>uersuum</span> <span class='ocrx_word' id='word_1_90' title='bbox 804 1918 857 1958; x_wconf 87' lang='lat' dir='ltr'>ars</span> <span class='ocrx_word' id='word_1_91' title='bbox 882 1895 977 1978; x_wconf 80' lang='lat' dir='ltr'>pla-ne</span> <span class='ocrx_word' id='word_1_92' title='bbox 1002 1895 1126 1959; x_wconf 85' lang='lat' dir='ltr'>diversa</span> <span class='ocrx_word' id='word_1_93' title='bbox 1153 1919 1172 1958; x_wconf 90' lang='lat' dir='ltr'>a</span> <span class='ocrx_word' id='word_1_94' title='bbox 1197 1896 1415 1962; x_wconf 78' lang='lat' dir='ltr'>scaenicorum</span> <span class='ocrx_word' id='word_1_95' title='bbox 1439 1923 1508 1984; x_wconf 88' lang='lat' dir='ltr'>sep-</span> 
     </span>
     <span class='ocr_line' id='line_1_13' title="bbox 351 2001 1507 2091; baseline 0.003 -25"><span class='ocrx_word' id='word_1_96' title='bbox 351 2005 556 2068; x_wconf 85' lang='lat' dir='ltr'>tenariorum</span> <span class='ocrx_word' id='word_1_97' title='bbox 586 2004 728 2068; x_wconf 88' lang='lat' dir='ltr'>licentia.</span> <span class='ocrx_word' id='word_1_98' title='bbox 772 2025 848 2065; x_wconf 93' lang='lat' dir='ltr'>nam</span> <span class='ocrx_word' id='word_1_99' title='bbox 875 2023 978 2085; x_wconf 89' lang='lat' dir='ltr'>neque</span> <span class='ocrx_word' id='word_1_100' title='bbox 1007 2001 1131 2091; x_wconf 81' lang='lat' dir='ltr'>solutas</span> <span class='ocrx_word' id='word_1_101' title='bbox 1161 2025 1271 2066; x_wconf 76' lang='lat' dir='ltr'>aracos</span> <span class='ocrx_word' id='word_1_102' title='bbox 1301 2027 1381 2086; x_wconf 86' lang='lat' dir='ltr'>quae</span> <span class='ocrx_word' id='word_1_103' title='bbox 1410 2006 1507 2088; x_wconf 74' lang='lat' dir='ltr'>vulgo</span> 
     </span>
     <span class='ocr_line' id='line_1_14' title="bbox 350 2109 1508 2194; baseline 0.002 -22"><span class='ocrx_word' id='word_1_104' title='bbox 350 2111 473 2176; x_wconf 86' lang='lat' dir='ltr'>dicitur</span> <span class='ocrx_word' id='word_1_105' title='bbox 498 2111 643 2194; x_wconf 74' lang='lat' dir='ltr'>syllabas</span> <span class='ocrx_word' id='word_1_106' title='bbox 665 2131 768 2192; x_wconf 86' lang='lat' dir='ltr'>neque</span> <span class='ocrx_word' id='word_1_107' title='bbox 792 2109 1024 2172; x_wconf 80' lang='lat' dir='ltr'>vocabulorum</span> <span class='ocrx_word' id='word_1_108' title='bbox 1043 2131 1224 2192; x_wconf 83' lang='lat' dir='ltr'>mensurus,</span> <span class='ocrx_word' id='word_1_109' title='bbox 1248 2131 1328 2193; x_wconf 74' lang='lat' dir='ltr'>(prae</span> <span class='ocrx_word' id='word_1_110' title='bbox 1344 2110 1377 2171; x_wconf 93' lang='lat' dir='ltr'>in</span> <span class='ocrx_word' id='word_1_111' title='bbox 1392 2133 1508 2174; x_wconf 88' lang='lat' dir='ltr'>scaena</span> 
     </span>
     <span class='ocr_line' id='line_1_15' title="bbox 350 2213 1506 2302; baseline 0.001 -22"><span class='ocrx_word' id='word_1_112' title='bbox 350 2221 508 2302; x_wconf 83' lang='lat' dir='ltr'>regnant,</span> <span class='ocrx_word' id='word_1_113' title='bbox 540 2217 573 2280; x_wconf 89' lang='lat' dir='ltr'>in</span> <span class='ocrx_word' id='word_1_114' title='bbox 606 2218 672 2281; x_wconf 84' lang='lat' dir='ltr'>illis</span> <span class='ocrx_word' id='word_1_115' title='bbox 704 2216 847 2280; x_wconf 86' lang='lat' dir='ltr'>offendas</span> <span class='ocrx_word' id='word_1_116' title='bbox 876 2219 909 2279; x_wconf 88' lang='lat' dir='ltr'>et</span> <span class='ocrx_word' id='word_1_117' title='bbox 937 2213 1132 2280; x_wconf 76' lang='lat' dir='ltr'>Graecanica</span> <span class='ocrx_word' id='word_1_118' title='bbox 1165 2215 1333 2300; x_wconf 79' lang='lat' dir='ltr'>diligentia</span> <span class='ocrx_word' id='word_1_119' title='bbox 1361 2221 1506 2282; x_wconf 84' lang='lat' dir='ltr'>serratos</span> 
     </span>
     <span class='ocr_line' id='line_1_16' title="bbox 351 2321 1506 2408; baseline 0.002 -22"><span class='ocrx_word' id='word_1_120' title='bbox 351 2323 545 2408; x_wconf 81' lang='lat' dir='ltr'>plemmque</span> <span class='ocrx_word' id='word_1_121' title='bbox 572 2325 689 2388; x_wconf 88' lang='lat' dir='ltr'>saltem</span> <span class='ocrx_word' id='word_1_122' title='bbox 716 2323 749 2387; x_wconf 91' lang='lat' dir='ltr'>in</span> <span class='ocrx_word' id='word_1_123' title='bbox 778 2322 908 2386; x_wconf 89' lang='lat' dir='ltr'>sedibus</span> <span class='ocrx_word' id='word_1_124' title='bbox 938 2321 1106 2404; x_wconf 79' lang='lat' dir='ltr'>inparibus</span> <span class='ocrx_word' id='word_1_125' title='bbox 1135 2345 1234 2404; x_wconf 87' lang='lat' dir='ltr'>puros</span> <span class='ocrx_word' id='word_1_126' title='bbox 1265 2322 1434 2387; x_wconf 86' lang='lat' dir='ltr'>trochaeos</span> <span class='ocrx_word' id='word_1_127' title='bbox 1458 2347 1506 2388; x_wconf 90' lang='lat' dir='ltr'>re-</span> 
     </span>
     <span class='ocr_line' id='line_1_17' title="bbox 350 2427 1505 2515; baseline 0 -21"><span class='ocrx_word' id='word_1_128' title='bbox 350 2431 471 2515; x_wconf 86' lang='lat' dir='ltr'>perias.</span> <span class='ocrx_word' id='word_1_129' title='bbox 518 2435 614 2515; x_wconf 86' lang='lat' dir='ltr'>atquo</span> <span class='ocrx_word' id='word_1_130' title='bbox 648 2431 689 2496; x_wconf 93' lang='lat' dir='ltr'>ad</span> <span class='ocrx_word' id='word_1_131' title='bbox 720 2428 854 2494; x_wconf 86' lang='lat' dir='ltr'>eandem</span> <span class='ocrx_word' id='word_1_132' title='bbox 883 2450 1032 2492; x_wconf 89' lang='lat' dir='ltr'>normam</span> <span class='ocrx_word' id='word_1_133' title='bbox 1062 2427 1173 2511; x_wconf 78' lang='lat' dir='ltr'>(qoam</span> <span class='ocrx_word' id='word_1_134' title='bbox 1201 2451 1274 2493; x_wconf 87' lang='lat' dir='ltr'>raro</span> <span class='ocrx_word' id='word_1_135' title='bbox 1304 2431 1410 2494; x_wconf 88' lang='lat' dir='ltr'>soluta</span> <span class='ocrx_word' id='word_1_136' title='bbox 1440 2432 1505 2496; x_wconf 88' lang='lat' dir='ltr'>arsi</span> 
     </span>
     <span class='ocr_line' id='line_1_18' title="bbox 348 2534 1506 2622; baseline 0.002 -20"><span class='ocrx_word' id='word_1_137' title='bbox 348 2561 414 2602; x_wconf 87' lang='lat' dir='ltr'>nen</span> <span class='ocrx_word' id='word_1_138' title='bbox 437 2538 558 2603; x_wconf 89' lang='lat' dir='ltr'>mutari</span> <span class='ocrx_word' id='word_1_139' title='bbox 580 2534 700 2622; x_wconf 86' lang='lat' dir='ltr'>sentio)</span> <span class='ocrx_word' id='word_1_140' title='bbox 715 2535 903 2620; x_wconf 82' lang='lat' dir='ltr'>Epicharmi</span> <span class='ocrx_word' id='word_1_141' title='bbox 920 2556 1046 2618; x_wconf 90' lang='lat' dir='ltr'>quoque</span> <span class='ocrx_word' id='word_1_142' title='bbox 1062 2535 1201 2598; x_wconf 85' lang='lat' dir='ltr'>Enniani</span> <span class='ocrx_word' id='word_1_143' title='bbox 1217 2538 1342 2600; x_wconf 88' lang='lat' dir='ltr'>numeri</span> <span class='ocrx_word' id='word_1_144' title='bbox 1359 2538 1506 2604; x_wconf 78' lang='lat' dir='ltr'>ridentur</span> 
     </span>
     <span class='ocr_line' id='line_1_19' title="bbox 349 2642 1505 2724; baseline 0 -16"><span class='ocrx_word' id='word_1_145' title='bbox 349 2647 478 2710; x_wconf 83' lang='lat' dir='ltr'>excussi</span> <span class='ocrx_word' id='word_1_146' title='bbox 503 2645 613 2710; x_wconf 81' lang='lat' dir='ltr'>luisse.</span> <span class='ocrx_word' id='word_1_147' title='bbox 651 2644 780 2708; x_wconf 89' lang='lat' dir='ltr'>unicum</span> <span class='ocrx_word' id='word_1_148' title='bbox 803 2664 880 2707; x_wconf 81' lang='lat' dir='ltr'>vcro</span> <span class='ocrx_word' id='word_1_149' title='bbox 899 2642 1074 2706; x_wconf 83' lang='lat' dir='ltr'>frustulum</span> <span class='ocrx_word' id='word_1_150' title='bbox 1090 2642 1183 2724; x_wconf 88' lang='lat' dir='ltr'>illud,</span> <span class='ocrx_word' id='word_1_151' title='bbox 1208 2642 1245 2703; x_wconf 82' lang='lat' dir='ltr'>de</span> <span class='ocrx_word' id='word_1_152' title='bbox 1261 2644 1350 2706; x_wconf 77' lang='lat' dir='ltr'>curius</span> <span class='ocrx_word' id='word_1_153' title='bbox 1366 2646 1505 2724; x_wconf 65' lang='lat' dir='ltr'>genuina</span> 
     </span>
     <span class='ocr_line' id='line_1_20' title="bbox 350 2748 1504 2832; baseline 0.002 -18"><span class='ocrx_word' id='word_1_154' title='bbox 350 2751 456 2814; x_wconf 84' lang='lat' dir='ltr'>torma</span> <span class='ocrx_word' id='word_1_155' title='bbox 482 2751 604 2816; x_wconf 87' lang='lat' dir='ltr'>totiens</span> <span class='ocrx_word' id='word_1_156' title='bbox 628 2751 714 2814; x_wconf 88' lang='lat' dir='ltr'>inter</span> <span class='ocrx_word' id='word_1_157' title='bbox 736 2751 849 2814; x_wconf 84' lang='lat' dir='ltr'>doctos</span> <span class='ocrx_word' id='word_1_158' title='bbox 873 2749 1056 2813; x_wconf 85' lang='lat' dir='ltr'>dubitatum</span> <span class='ocrx_word' id='word_1_159' title='bbox 1081 2752 1143 2832; x_wconf 82' lang='lat' dir='ltr'>cst,</span> <span class='ocrx_word' id='word_1_160' title='bbox 1168 2748 1308 2812; x_wconf 88' lang='lat' dir='ltr'>dubitari</span> <span class='ocrx_word' id='word_1_161' title='bbox 1332 2753 1418 2814; x_wconf 89' lang='lat' dir='ltr'>certe</span> <span class='ocrx_word' id='word_1_162' title='bbox 1440 2773 1504 2816; x_wconf 90' lang='lat' dir='ltr'>non</span> 
     </span>
     <span class='ocr_line' id='line_1_21' title="bbox 348 2855 1503 2941; baseline 0.003 -23"><span class='ocrx_word' id='word_1_163' title='bbox 348 2855 489 2921; x_wconf 87' lang='lat' dir='ltr'>debebat</span> <span class='ocrx_word' id='word_1_164' title='bbox 514 2857 593 2941; x_wconf 87' lang='lat' dir='ltr'>quin</span> <span class='ocrx_word' id='word_1_165' title='bbox 617 2857 712 2920; x_wconf 90' lang='lat' dir='ltr'>unius</span> <span class='ocrx_word' id='word_1_166' title='bbox 736 2856 894 2939; x_wconf 84' lang='lat' dir='ltr'>continui,</span> <span class='ocrx_word' id='word_1_167' title='bbox 916 2877 982 2919; x_wconf 90' lang='lat' dir='ltr'>non</span> <span class='ocrx_word' id='word_1_168' title='bbox 997 2856 1137 2938; x_wconf 90' lang='lat' dir='ltr'>plurium</span> <span class='ocrx_word' id='word_1_169' title='bbox 1153 2877 1303 2918; x_wconf 78' lang='lat' dir='ltr'>versuum</span> <span class='ocrx_word' id='word_1_170' title='bbox 1321 2856 1372 2920; x_wconf 79' lang='lat' dir='ltr'>sit.</span> <span class='ocrx_word' id='word_1_171' title='bbox 1404 2861 1503 2923; x_wconf 86' lang='lat' dir='ltr'>testa-</span> 
     </span>
     <span class='ocr_line' id='line_1_22' title="bbox 349 2961 1504 3047; baseline 0.004 -21"><span class='ocrx_word' id='word_1_172' title='bbox 349 2969 402 3026; x_wconf 91' lang='lat' dir='ltr'>lur</span> <span class='ocrx_word' id='word_1_173' title='bbox 433 2964 520 3028; x_wconf 88' lang='lat' dir='ltr'>eninr</span> <span class='ocrx_word' id='word_1_174' title='bbox 555 2965 626 3047; x_wconf 85' lang='lat' dir='ltr'>ipse</span> <span class='ocrx_word' id='word_1_175' title='bbox 655 2961 786 3026; x_wconf 76' lang='lat' dir='ltr'>Servius</span> <span class='ocrx_word' id='word_1_176' title='bbox 817 2963 856 3026; x_wconf 85' lang='lat' dir='ltr'>ad</span> <span class='ocrx_word' id='word_1_177' title='bbox 886 2961 966 3025; x_wconf 83' lang='lat' dir='ltr'>Aen.</span> <span class='ocrx_word' id='word_1_178' title='bbox 989 2961 1032 3024; x_wconf 77' lang='lat' dir='ltr'>xl</span> <span class='ocrx_word' id='word_1_179' title='bbox 1060 2963 1138 3025; x_wconf 73' lang='lat' dir='ltr'>ool:</span> <span class='ocrx_word' id='word_1_180' title='bbox 1171 2962 1235 3026; x_wconf 78' lang='lat' dir='ltr'>‘est</span> <span class='ocrx_word' id='word_1_181' title='bbox 1266 2965 1373 3025; x_wconf 92' lang='lat' dir='ltr'>autem</span> <span class='ocrx_word' id='word_1_182' title='bbox 1400 2985 1504 3031; x_wconf 77' lang='lat' dir='ltr'>ceruus</span> 
     </span>
     <span class='ocr_line' id='line_1_23' title="bbox 348 3067 1502 3156; baseline 0.002 -22"><span class='ocrx_word' id='word_1_183' title='bbox 348 3071 522 3136; x_wconf 59' lang='lat' dir='ltr'>Hanunea</span> <span class='ocrx_word' id='word_1_184' title='bbox 549 3071 751 3154; x_wconf 80' lang='lat' dir='ltr'>vituperatus</span> <span class='ocrx_word' id='word_1_185' title='bbox 780 3093 797 3134; x_wconf 89' lang='lat' dir='ltr'>a</span> <span class='ocrx_word' id='word_1_186' title='bbox 821 3067 946 3133; x_wconf 87' lang='lat' dir='ltr'>Lucilio</span> <span class='ocrx_word' id='word_1_187' title='bbox 975 3069 1099 3132; x_wconf 88' lang='lat' dir='ltr'>dicente</span> <span class='ocrx_word' id='word_1_188' title='bbox 1124 3092 1182 3150; x_wconf 85' lang='lat' dir='ltr'>per</span> <span class='ocrx_word' id='word_1_189' title='bbox 1205 3069 1401 3156; x_wconf 84' lang='lat' dir='ltr'>irrisionem,</span> <span class='ocrx_word' id='word_1_190' title='bbox 1429 3095 1502 3137; x_wconf 90' lang='lat' dir='ltr'>emn</span> 
     </span>
     <span class='ocr_line' id='line_1_24' title="bbox 348 3175 1501 3258; baseline 0.003 -18"><span class='ocrx_word' id='word_1_191' title='bbox 348 3177 500 3240; x_wconf 83' lang='lat' dir='ltr'>debuisse</span> <span class='ocrx_word' id='word_1_192' title='bbox 529 3176 635 3240; x_wconf 88' lang='lat' dir='ltr'>dicere</span> <span class='ocrx_word' id='word_1_193' title='bbox 656 3177 760 3240; x_wconf 79' lang='lat' dir='ltr'>horret</span> <span class='ocrx_word' id='word_1_194' title='bbox 785 3183 814 3241; x_wconf 88' lang='lat' dir='ltr'>ct</span> <span class='ocrx_word' id='word_1_195' title='bbox 839 3175 943 3258; x_wconf 60' lang='lat' dir='ltr'>alym,</span> <span class='ocrx_word' id='word_1_196' title='bbox 989 3176 1044 3258; x_wconf 91' lang='lat' dir='ltr'>qui</span> <span class='ocrx_word' id='word_1_197' title='bbox 1068 3176 1101 3238; x_wconf 93' lang='lat' dir='ltr'>in</span> <span class='ocrx_word' id='word_1_198' title='bbox 1125 3198 1187 3258; x_wconf 84' lang='lat' dir='ltr'>quo</span> <span class='ocrx_word' id='word_1_199' title='bbox 1212 3180 1394 3242; x_wconf 87' lang='lat' dir='ltr'>saturarum</span> <span class='ocrx_word' id='word_1_200' title='bbox 1417 3179 1501 3245; x_wconf 89' lang='lat' dir='ltr'>libro</span> 
     </span>
     <span class='ocr_line' id='line_1_25' title="bbox 349 3283 1502 3373; baseline 0.006 -29"><span class='ocrx_word' id='word_1_201' title='bbox 349 3285 497 3367; x_wconf 82' lang='lat' dir='ltr'>exenrplo</span> <span class='ocrx_word' id='word_1_202' title='bbox 533 3283 591 3346; x_wconf 90' lang='lat' dir='ltr'>illo</span> <span class='ocrx_word' id='word_1_203' title='bbox 623 3304 701 3347; x_wconf 78' lang='lat' dir='ltr'>risus</span> <span class='ocrx_word' id='word_1_204' title='bbox 733 3283 790 3368; x_wconf 87' lang='lat' dir='ltr'>sit,</span> <span class='ocrx_word' id='word_1_205' title='bbox 822 3286 963 3346; x_wconf 90' lang='lat' dir='ltr'>testatur</span> <span class='ocrx_word' id='word_1_206' title='bbox 994 3303 1098 3345; x_wconf 87' lang='lat' dir='ltr'>nemo.</span> <span class='ocrx_word' id='word_1_207' title='bbox 1145 3305 1226 3364; x_wconf 69' lang='lat' dir='ltr'>&lt;prum</span> <span class='ocrx_word' id='word_1_208' title='bbox 1254 3306 1326 3347; x_wconf 89' lang='lat' dir='ltr'>cum</span> <span class='ocrx_word' id='word_1_209' title='bbox 1354 3285 1401 3350; x_wconf 88' lang='lat' dir='ltr'>ita</span> <span class='ocrx_word' id='word_1_210' title='bbox 1429 3287 1502 3373; x_wconf 88' lang='lat' dir='ltr'>sint,</span> 
     </span>
     <span class='ocr_line' id='line_1_26' title="bbox 350 3387 1500 3475; baseline 0.005 -23"><span class='ocrx_word' id='word_1_211' title='bbox 350 3391 542 3454; x_wconf 83' lang='lat' dir='ltr'>manifestos</span> <span class='ocrx_word' id='word_1_212' title='bbox 570 3389 605 3452; x_wconf 90' lang='lat' dir='ltr'>in</span> <span class='ocrx_word' id='word_1_213' title='bbox 632 3387 693 3454; x_wconf 86' lang='lat' dir='ltr'>hoc</span> <span class='ocrx_word' id='word_1_214' title='bbox 722 3411 849 3473; x_wconf 86' lang='lat' dir='ltr'>quoque</span> <span class='ocrx_word' id='word_1_215' title='bbox 876 3389 983 3452; x_wconf 82' lang='lat' dir='ltr'>frusto</span> <span class='ocrx_word' id='word_1_216' title='bbox 1007 3389 1130 3451; x_wconf 89' lang='lat' dir='ltr'>retineo</span> <span class='ocrx_word' id='word_1_217' title='bbox 1154 3390 1338 3474; x_wconf 70' lang='lat' dir='ltr'>trochaicae,</span> <span class='ocrx_word' id='word_1_218' title='bbox 1366 3413 1500 3475; x_wconf 88' lang='lat' dir='ltr'>cumque</span> 
     </span>
     <span class='ocr_line' id='line_1_27' title="bbox 350 3495 1500 3582; baseline 0.002 -22"><span class='ocrx_word' id='word_1_219' title='bbox 350 3495 533 3582; x_wconf 72' lang='lat' dir='ltr'>Vergilium</span> <span class='ocrx_word' id='word_1_220' title='bbox 557 3496 610 3561; x_wconf 84' lang='lat' dir='ltr'>his</span> <span class='ocrx_word' id='word_1_221' title='bbox 635 3495 772 3559; x_wconf 77' lang='lat' dir='ltr'>‘ferreus</span> <span class='ocrx_word' id='word_1_222' title='bbox 794 3495 900 3560; x_wconf 86' lang='lat' dir='ltr'>hastis</span> <span class='ocrx_word' id='word_1_223' title='bbox 915 3495 1038 3560; x_wconf 88' lang='lat' dir='ltr'>llorret</span> <span class='ocrx_word' id='word_1_224' title='bbox 1060 3495 1152 3576; x_wconf 67' lang='lat' dir='ltr'>agcr&#39;</span> <span class='ocrx_word' id='word_1_225' title='bbox 1172 3496 1322 3560; x_wconf 84' lang='lat' dir='ltr'>Enniana</span> <span class='ocrx_word' id='word_1_226' title='bbox 1338 3495 1500 3562; x_wconf 83' lang='lat' dir='ltr'>imitatum</span> 
     </span>
     <span class='ocr_line' id='line_1_28' title="bbox 349 3601 1500 3687; baseline 0 -19"><span class='ocrx_word' id='word_1_227' title='bbox 349 3627 420 3668; x_wconf 76' lang='lat' dir='ltr'>esse</span> <span class='ocrx_word' id='word_1_228' title='bbox 456 3603 593 3668; x_wconf 88' lang='lat' dir='ltr'>adnotet</span> <span class='ocrx_word' id='word_1_229' title='bbox 625 3601 829 3687; x_wconf 82' lang='lat' dir='ltr'>Macrobius,</span> <span class='ocrx_word' id='word_1_230' title='bbox 866 3601 1085 3686; x_wconf 87' lang='lat' dir='ltr'>septenarium</span> <span class='ocrx_word' id='word_1_231' title='bbox 1117 3602 1235 3666; x_wconf 84' lang='lat' dir='ltr'>ltndini</span> <span class='ocrx_word' id='word_1_232' title='bbox 1268 3605 1383 3685; x_wconf 88' lang='lat' dir='ltr'>poetae</span> <span class='ocrx_word' id='word_1_233' title='bbox 1415 3603 1500 3668; x_wconf 87' lang='lat' dir='ltr'>huno</span> 
     </span>
     <span class='ocr_line' id='line_1_29' title="bbox 350 3710 614 3774; baseline -0.004 0"><span class='ocrx_word' id='word_1_234' title='bbox 350 3711 449 3774; x_wconf 78' lang='lat' dir='ltr'>scrisse</span> <span class='ocrx_word' id='word_1_235' title='bbox 473 3710 614 3774; x_wconf 86' lang='lat' dir='ltr'>conicio:</span> 
     </span>
     <span class='ocr_line' id='line_1_30' title="bbox 392 3811 1436 3900; baseline -0.003 -19"><span class='ocrx_word' id='word_1_236' title='bbox 392 3819 529 3900; x_wconf 77' lang='lat' dir='ltr'>sparsus</span> <span class='ocrx_word' id='word_1_237' title='bbox 551 3815 656 3880; x_wconf 87' lang='lat' dir='ltr'>hastis</span> <span class='ocrx_word' id='word_1_238' title='bbox 679 3815 786 3898; x_wconf 74' lang='lat' dir='ltr'>longis</span> <span class='ocrx_word' id='word_1_239' title='bbox 810 3837 944 3900; x_wconf 88' lang='lat' dir='ltr'>campus</span> <span class='ocrx_word' id='word_1_240' title='bbox 968 3815 1116 3898; x_wconf 71' lang='lat' dir='ltr'>splendet</span> <span class='ocrx_word' id='word_1_241' title='bbox 1139 3815 1250 3881; x_wconf 86' lang='lat' dir='ltr'>horret</span> <span class='ocrx_word' id='word_1_242' title='bbox 1273 3811 1436 3879; x_wconf 71' lang='lat' dir='ltr'>(ferrcus)</span> 
     </span>
     <span class='ocr_line' id='line_1_31' title="bbox 350 3920 1497 4008; baseline 0.001 -22"><span class='ocrx_word' id='word_1_243' title='bbox 350 3947 443 4008; x_wconf 87' lang='lat' dir='ltr'>quem</span> <span class='ocrx_word' id='word_1_244' title='bbox 469 3923 613 3988; x_wconf 81' lang='lat' dir='ltr'>Lucilius</span> <span class='ocrx_word' id='word_1_245' title='bbox 637 3923 670 3986; x_wconf 92' lang='lat' dir='ltr'>in</span> <span class='ocrx_word' id='word_1_246' title='bbox 694 3923 852 3986; x_wconf 88' lang='lat' dir='ltr'>librorum</span> <span class='ocrx_word' id='word_1_247' title='bbox 866 3920 1123 3986; x_wconf 70' lang='lat' dir='ltr'>XXVI-xxix</span> <span class='ocrx_word' id='word_1_248' title='bbox 1151 3922 1259 4004; x_wconf 86' lang='lat' dir='ltr'>aliquo</span> <span class='ocrx_word' id='word_1_249' title='bbox 1284 3922 1329 3985; x_wconf 88' lang='lat' dir='ltr'>sic</span> <span class='ocrx_word' id='word_1_250' title='bbox 1353 3922 1386 3984; x_wconf 90' lang='lat' dir='ltr'>in</span> <span class='ocrx_word' id='word_1_251' title='bbox 1410 3923 1497 3987; x_wconf 86' lang='lat' dir='ltr'>exit-u</span> 
     </span>
     <span class='ocr_line' id='line_1_32' title="bbox 353 4028 1497 4114; baseline 0.003 -24"><span class='ocrx_word' id='word_1_252' title='bbox 353 4031 559 4114; x_wconf 59' lang='lat' dir='ltr'>proruerunt,</span> <span class='ocrx_word' id='word_1_253' title='bbox 582 4033 620 4092; x_wconf 87' lang='lat' dir='ltr'>ut</span> <span class='ocrx_word' id='word_1_254' title='bbox 641 4029 741 4093; x_wconf 81' lang='lat' dir='ltr'>scribi</span> <span class='ocrx_word' id='word_1_255' title='bbox 765 4028 890 4092; x_wconf 89' lang='lat' dir='ltr'>iuberet</span> <span class='ocrx_word' id='word_1_256' title='bbox 911 4029 1016 4093; x_wconf 71' lang='lat' dir='ltr'>borrel.</span> <span class='ocrx_word' id='word_1_257' title='bbox 1034 4031 1113 4110; x_wconf 74' lang='lat' dir='ltr'>alpct</span> <span class='ocrx_word' id='word_1_258' title='bbox 1133 4032 1260 4108; x_wconf 74' lang='lat' dir='ltr'>loacas.</span> <span class='ocrx_word' id='word_1_259' title='bbox 1304 4051 1379 4092; x_wconf 87' lang='lat' dir='ltr'>nam</span> <span class='ocrx_word' id='word_1_260' title='bbox 1404 4052 1497 4113; x_wconf 69' lang='lat' dir='ltr'>arsyn-</span> 
     </span>
     <span class='ocr_line' id='line_1_33' title="bbox 349 4133 1496 4220; baseline -0.003 -16"><span class='ocrx_word' id='word_1_261' title='bbox 349 4139 446 4204; x_wconf 76' lang='lat' dir='ltr'>‹lelon</span> <span class='ocrx_word' id='word_1_262' title='bbox 479 4137 651 4202; x_wconf 73' lang='lat' dir='ltr'>verborum</span> <span class='ocrx_word' id='word_1_263' title='bbox 684 4139 797 4200; x_wconf 89' lang='lat' dir='ltr'>notum</span> <span class='ocrx_word' id='word_1_264' title='bbox 830 4140 881 4200; x_wconf 87' lang='lat' dir='ltr'>est</span> <span class='ocrx_word' id='word_1_265' title='bbox 912 4159 1009 4220; x_wconf 86' lang='lat' dir='ltr'>quam</span> <span class='ocrx_word' id='word_1_266' title='bbox 1040 4135 1177 4200; x_wconf 75' lang='lat' dir='ltr'>vetustis</span> <span class='ocrx_word' id='word_1_267' title='bbox 1208 4133 1314 4217; x_wconf 85' lang='lat' dir='ltr'>poetis</span> <span class='ocrx_word' id='word_1_268' title='bbox 1343 4137 1496 4200; x_wconf 81' lang='lat' dir='ltr'>sollemne</span> 
     </span>
     <span class='ocr_line' id='line_1_34' title="bbox 350 4243 1495 4328; baseline -0.003 -18"><span class='ocrx_word' id='word_1_269' title='bbox 350 4245 457 4328; x_wconf 75' lang='lat' dir='ltr'>merit,</span> <span class='ocrx_word' id='word_1_270' title='bbox 480 4263 610 4326; x_wconf 77' lang='lat' dir='ltr'>s1mrsus</span> <span class='ocrx_word' id='word_1_271' title='bbox 633 4247 741 4307; x_wconf 89' lang='lat' dir='ltr'>autem</span> <span class='ocrx_word' id='word_1_272' title='bbox 765 4246 798 4306; x_wconf 87' lang='lat' dir='ltr'>ct</span> <span class='ocrx_word' id='word_1_273' title='bbox 819 4265 971 4308; x_wconf 85' lang='lat' dir='ltr'>numeros</span> <span class='ocrx_word' id='word_1_274' title='bbox 995 4244 1142 4327; x_wconf 75' lang='lat' dir='ltr'>puriores·</span> <span class='ocrx_word' id='word_1_275' title='bbox 1167 4243 1199 4304; x_wconf 87' lang='lat' dir='ltr'>et</span> <span class='ocrx_word' id='word_1_276' title='bbox 1223 4263 1402 4305; x_wconf 84' lang='lat' dir='ltr'>sermonem</span> <span class='ocrx_word' id='word_1_277' title='bbox 1422 4265 1495 4306; x_wconf 91' lang='lat' dir='ltr'>con-</span> 
     </span>
     <span class='ocr_line' id='line_1_35' title="bbox 349 4347 1496 4434; baseline 0 -20"><span class='ocrx_word' id='word_1_278' title='bbox 349 4351 526 4416; x_wconf 87' lang='lat' dir='ltr'>cinniorem</span> <span class='ocrx_word' id='word_1_279' title='bbox 545 4351 660 4414; x_wconf 87' lang='lat' dir='ltr'>reddit.</span> <span class='ocrx_word' id='word_1_280' title='bbox 692 4349 926 4434; x_wconf 76' lang='lat' dir='ltr'>displicuercmt</span> <span class='ocrx_word' id='word_1_281' title='bbox 941 4350 1064 4414; x_wconf 90' lang='lat' dir='ltr'>Lucilio</span> <span class='ocrx_word' id='word_1_282' title='bbox 1086 4347 1204 4432; x_wconf 77' lang='lat' dir='ltr'>singuli</span> <span class='ocrx_word' id='word_1_283' title='bbox 1219 4348 1315 4430; x_wconf 85' lang='lat' dir='ltr'>pedes</span> <span class='ocrx_word' id='word_1_284' title='bbox 1331 4349 1496 4414; x_wconf 90' lang='lat' dir='ltr'>troclmici.</span> 
     </span>
     <span class='ocr_line' id='line_1_36' title="bbox 435 4449 1494 4541; baseline -0.002 -19"><span class='ocrx_word' id='word_1_285' title='bbox 435 4457 573 4522; x_wconf 74' lang='lat' dir='ltr'>Accedit</span> <span class='ocrx_word' id='word_1_286' title='bbox 600 4457 686 4541; x_wconf 86' lang='lat' dir='ltr'>quod</span> <span class='ocrx_word' id='word_1_287' title='bbox 714 4455 831 4520; x_wconf 69' lang='lat' dir='ltr'>Suidae</span> <span class='ocrx_word' id='word_1_288' title='bbox 859 4479 985 4540; x_wconf 83' lang='lat' dir='ltr'>quoquc</span> <span class='ocrx_word' id='word_1_289' title='bbox 1014 4481 1038 4520; x_wconf 92' lang='lat' dir='ltr'>s.</span> <span class='ocrx_word' id='word_1_290' title='bbox 1068 4479 1094 4518; x_wconf 79' lang='lat' dir='ltr'>r.</span> <span class='ocrx_word' id='word_1_291' title='bbox 1120 4449 1254 4528; x_wconf 76' lang='grc' dir='ltr'>’Έννιος</span> <span class='ocrx_word' id='word_1_292' title='bbox 1286 4455 1385 4518; x_wconf 82' lang='lat' dir='ltr'>verba</span> <span class='ocrx_word' id='word_1_293' title='bbox 1416 4455 1494 4520; x_wconf 89' lang='lat' dir='ltr'>hacc</span> 
     </span>
     <span class='ocr_line' id='line_1_37' title="bbox 350 4558 1495 4651; baseline -0.002 -21"><span class='ocrx_word' id='word_1_294' title='bbox 350 4569 524 4630; x_wconf 74' lang='grc' dir='ltr'>Σκιπίωνα</span> <span class='ocrx_word' id='word_1_295' title='bbox 548 4588 612 4648; x_wconf 70' lang='grc' dir='ltr'>γαρ</span> <span class='ocrx_word' id='word_1_296' title='bbox 635 4559 744 4651; x_wconf 64' lang='lat' dir='ltr'>cidon</span> <span class='ocrx_word' id='word_1_297' title='bbox 766 4561 818 4628; x_wconf 78' lang='lat' dir='ltr'>acl</span> <span class='ocrx_word' id='word_1_298' title='bbox 841 4561 891 4626; x_wconf 75' lang='grc' dir='ltr'>ἐπὶ</span> <span class='ocrx_word' id='word_1_299' title='bbox 911 4562 995 4647; x_wconf 75' lang='grc' dir='ltr'>μέγα</span> <span class='ocrx_word' id='word_1_300' title='bbox 1015 4562 1124 4645; x_wconf 69' lang='grc' dir='ltr'><strong><em>ἐξᾶραι</em></strong></span> <span class='ocrx_word' id='word_1_301' title='bbox 1140 4559 1200 4627; x_wconf 83' lang='grc' dir='ltr'>τὸν</span> <span class='ocrx_word' id='word_1_302' title='bbox 1215 4558 1323 4644; x_wconf 78' lang='lat' dir='ltr'>iindpn</span> <span class='ocrx_word' id='word_1_303' title='bbox 1337 4558 1495 4646; x_wconf 75' lang='grc' dir='ltr'><em>βουλόμε-</em></span> 
     </span>
     <span class='ocr_line' id='line_1_38' title="bbox 352 4665 1494 4757; baseline -0.001 -21"><span class='ocrx_word' id='word_1_304' title='bbox 352 4668 405 4750; x_wconf 74' lang='grc' dir='ltr'>νός</span> <span class='ocrx_word' id='word_1_305' title='bbox 426 4689 510 4757; x_wconf 69' lang='lat' dir='ltr'>opor</span> <span class='ocrx_word' id='word_1_306' title='bbox 541 4667 668 4756; x_wconf 83' lang='grc' dir='ltr'>μόνον</span> <span class='ocrx_word' id='word_1_307' title='bbox 692 4665 739 4736; x_wconf 79' lang='lat' dir='ltr'>dr</span> <span class='ocrx_word' id='word_1_308' title='bbox 759 4667 929 4756; x_wconf 75' lang='grc' dir='ltr'><em>Ὅμηρον</em></span> <span class='ocrx_word' id='word_1_309' title='bbox 954 4669 1137 4748; x_wconf 75' lang='grc' dir='ltr'><em>ἕπαξιόυς</em></span> <span class='ocrx_word' id='word_1_310' title='bbox 1161 4669 1345 4746; x_wconf 75' lang='grc' dir='ltr'>ἐπαίνους</span> <span class='ocrx_word' id='word_1_311' title='bbox 1373 4671 1494 4735; x_wconf 67' lang='grc' dir='ltr'>εἰπεῖν</span> 
     </span>
    </p>
   </div>
   <div class='ocr_carea' id='block_1_3' title="bbox 0 0 1846 5734">
    <p class='ocr_par' dir='ltr' id='par_1_3' title="bbox 0 0 1846 5734">
     <span class='ocr_line' id='line_1_39' title="bbox 0 0 1846 5734; baseline 0 2"><span class='ocrx_word' id='word_1_312' title='bbox 0 0 1846 5734; x_wconf 95' lang='lat' dir='ltr'> </span> 
     </span>
    </p>
   </div>
  </div>
 </body>
</html>
