3684 5734
343 553 404 610 CIV
787 547 1050 605 coltOLLnluvn

344 715 493 782 scholion
522 713 657 798 ‘proprio
692 733 803 779 czonccu
824 711 915 778 inimi
942 709 1062 778 educis?
1114 715 1283 796 practerea
1311 714 1350 775 cf.
1378 711 1500 776 Isidori

344 821 503 888 Varronis
523 823 584 886 sat.
603 821 667 886 529
687 819 725 885 B.
744 821 857 907 glossa
875 817 994 901 ‘playa
1010 818 1114 884 cibus’
1139 821 1172 882 et
1195 819 1347 884 Ueiorum
1363 840 1499 884 conscu-

344 932 477 994 taneum
491 930 543 994 est
556 927 716 994 Graccum
734 927 869 992 titulum
886 947 954 991 non
978 925 1019 989 ab
1043 926 1115 1008 ipso
1139 925 1257 990 Plauto
1281 927 1389 990 ortum
1418 947 1500 988 esso.

346 1033 479 1101 Conieci
494 1035 668 1120 aliquando
687 1035 723 1100 ia
730 1035 888 1118 ploupouc
902 1031 1110 1097 scribendum
1126 1053 1196 1096 csse
1211 1031 1310 1096 titulo
1329 1055 1349 1096 a
1366 1031 1502 1097 nomine

346 1136 506 1226 aiuyyoiv
529 1138 646 1228 (pupa)
669 1141 776 1208 ducto.
820 1140 860 1204 de
882 1138 1083 1223 Puplelopoba
1104 1138 1258 1204 Hert-zius
1281 1137 1452 1224 cogitarit.

434 1464 542 1548 Atque
570 1460 624 1526 hio
650 1462 800 1544 poteram
836 1459 871 1522 in
898 1458 994 1524 litore
1023 1462 1177 1544 exoptato
1207 1481 1359 1525 ancoram
1387 1461 1505 1544 iacere,

346 1570 419 1654 nisi,
442 1570 519 1634 dum
544 1569 651 1632 lentae
675 1589 847 1651 operarum
865 1588 981 1631 manus
1000 1567 1095 1631 tardo
1119 1587 1293 1652 progressu
1316 1567 1413 1630 nimis
1436 1567 1503 1632 ianr

348 1679 499 1742 onustam
526 1697 643 1740 navem
667 1674 863 1758 provehunt,
886 1695 1005 1737 nova-nr
1030 1674 1130 1738 ctiam
1153 1696 1277 1739 moram
1301 1679 1331 1739 et
1347 1697 1503 1740 nauscam

351 1783 515 1847 adferrent
550 1782 740 1864 lllodvipii
775 1781 968 1846 Adversaris
1005 1783 1125 1865 critico,
1161 1803 1298 1864 quorum
1332 1781 1383 1846 his
1422 1781 1504 1864 ipsis

348 1890 460 1954 diebus
488 1889 626 1954 alterum
655 1889 807 1953 volumen
834 1889 869 1952 in
896 1909 1011 1951 manus
1039 1909 1127 1952 meas
1156 1887 1294 1953 devenit.
1339 1889 1393 1973 qui
1429 1911 1506 1954 curn

350 2018 446 2062 sonex
478 1995 639 2060 offundere
671 1994 768 2078 plena
800 1994 1058 2059 coniecturarum
1090 1993 1207 2060 horrca
1239 1995 1431 2080 instituerit,
1463 2019 1506 2060 ne

351 2102 514 2168 scaenicos
550 2101 678 2187 quidem
711 2103 826 2185 poetas
854 2099 991 2166 Latinos
1024 2102 1170 2166 inmunes
1201 2101 1322 2187 ingenii
1353 2101 1403 2166 sui
1433 2123 1506 2166 esse

350 2208 464 2274 voluit
509 2211 543 2272 at
570 2228 646 2272 vcro
676 2207 727 2271 his
752 2206 868 2272 saltem
892 2208 920 2272 si
944 2208 1142 2292 poposcisset
1155 2208 1205 2273 vir
1219 2209 1334 2274 merita
1350 2209 1382 2274 in
1397 2231 1505 2274 emen-

352 2314 465 2380 dandis
493 2315 651 2398 prosaicis
681 2313 893 2399 scriptoribus
922 2315 1116 2380 auctoritate
1144 2315 1282 2400 pollens,
1311 2316 1366 2379 sed
1394 2337 1507 2380 numo·

352 2444 461 2487 rorum
481 2423 612 2506 praetor
632 2419 808 2506 dactylicos
823 2421 1075 2486 crubescendum
1090 2423 1123 2486 iu
1137 2422 1266 2487 modum
1281 2421 1383 2508 rudis,
1407 2423 1507 2507 prisci

353 2531 461 2594 autem
490 2527 646 2594 sermonis
675 2549 713 2592 aa
741 2527 810 2592 stili
837 2550 953 2611 parum
982 2549 1115 2613 gnarus,
1142 2549 1202 2592 ncc
1230 2529 1264 2592 in
1287 2525 1387 2592 Nonii
1411 2529 1506 2593 libris

352 2635 532 2701 tractandis
561 2633 641 2699 satis
669 2635 876 2719 exercitatuS,
903 2655 945 2698 ne
973 2634 1027 2699 illc
1058 2657 1115 2699 suo
1144 2635 1212 2718 ipse
1239 2634 1364 2699 nomini
1392 2657 1506 2718 poper-

353 2743 452 2808 c-issct
481 2763 687 2828 magnopere.
739 2739 833 2807 Nunc
868 2743 1008 2826 ingenue
1039 2745 1074 2805 ut
1105 2743 1276 2826 prolitcar,
1311 2741 1411 2824 pudet
1440 2741 1508 2808 fore

354 2851 493 2934 puerilia
517 2871 612 2933 saepe
635 2848 790 2934 principis
813 2849 847 2913 in
871 2851 940 2912 arte
964 2850 1018 2931 qui
1042 2848 1155 2912 haberi
1180 2849 1250 2913 vult
1273 2851 1457 2913 commenta
1472 2849 1509 2914 in

357 2955 498 3020 medium
524 2955 680 3040 proferro,
703 2956 789 3019 inter
811 2977 893 3039 quae
916 2955 1110 3037 paucissima
1138 2958 1225 3038 sunt,
1248 2977 1330 3040 quac
1353 2955 1404 3020 vel
1428 2954 1510 3020 tole·

355 3063 420 3126 rari
439 3063 602 3147 patienter
619 3063 760 3145 possint:
783 3061 913 3147 profero
935 3065 1052 3146 auitam,
1076 3067 1112 3126 ut
1130 3084 1193 3145 quo
1212 3061 1343 3126 tundam
1363 3061 1417 3125 ille
1439 3061 1509 3125 iure

355 3170 389 3232 in
413 3169 501 3233 omni
524 3169 591 3232 fere
615 3167 746 3232 criticae
770 3169 851 3233 artis
875 3189 992 3250 gcucre
1017 3167 1188 3232 arbitrium
1209 3169 1271 3232 sibi
1291 3167 1510 3254 adrogarent,

355 3298 420 3340 uno
444 3276 591 3360 exemplo
617 3279 783 3358 appareat.
836 3273 944 3359 Atquc
978 3277 1011 3339 in
1039 3275 1197 3340 Caecilii
1225 3299 1253 3339 v.
1281 3275 1323 3339 49
1352 3277 1416 3340 uisi
1438 3277 1510 3358 puis

356 3385 401 3446 cst
426 3382 481 3464 qui
509 3380 608 3446 scribi
638 3382 746 3465 iussit,
774 3404 805 3465 p.
833 3383 896 3447 667
925 3403 991 3446 non
1018 3381 1102 3446 male
1130 3403 1187 3464 per
1216 3403 1263 3466 sc,
1294 3381 1350 3446 scd
1379 3385 1511 3465 praeter

356 3488 591 3553 necessitatem.

449 3629 531 3697 141¹
565 3629 734 3716 Integrum
768 3630 929 3694 senarium
960 3651 1032 3694 cum
1062 3630 1154 3694 hiatu
1183 3631 1360 3712 facinorum
1387 3631 1512 3713 sariram

357 3740 525 3804 occultabat
545 3740 640 3821 factio
662 3737 872 3802 Philumenae
896 3738 1039 3802 obtrusit
1062 3760 1092 3820 p.
1117 3739 1190 3803 661.

452 3882 512 3944 148
540 3902 618 3962 quoe
649 3881 728 3945 scribi
755 3881 905 3963 quidquid
925 3881 1041 3964 placei,
1067 3902 1100 3944 co
1126 3881 1288 3962 pn'uauou
1315 3901 1364 3946 mc
1393 3881 1434 3956 il‚·
1464 3901 1512 3946 suc

357 3999 456 4050 sarco!
475 4007 566 4050 sicum
583 4009 614 4070 p.
628 3987 691 4052 591
716 3987 858 4052 numeris
881 3986 994 4070 nullis,
1018 3986 1179 4050 sententia
1202 3985 1334 4050 insulsa.
1376 3985 1511 4051 blenau·

359 4091 416 4158 dro
450 4094 558 4157 auteur
591 4094 676 4177 quod
699 4093 780 4158 talia
802 4093 928 4157 restitui
953 4093 1060 4157 iussit:

487 4239 490 4244 ’
518 4237 634 4317 λαβεῖν
661 4229 706 4318 ἔμ’
733 4230 1070 4300 ἑκκαιδεκατάλαντον
1094 4231 1148 4298 καὶ
1173 4231 1314 4316 γένους

521 4330 628 4406 οὖσαν
651 4334 881 4424 παχέος·εἶτ’
909 4339 977 4405 ἐστὶ
1001 4366 1037 4406 το
1062 4331 1212 4424 φρύαγμ’
1239 4335 1341 4418 ὅπως

521 4439 664 4530 γένοιτ’
691 4439 737 4510 dv
760 4441 831 4512 οὐκ
854 4442 1143 4524 ἀνυπόστατον;
1167 4443 1211 4532 μὰ
1235 4443 1296 4513 τὸν

519 4549 695 4638 Ὀλύμπιον
717 4577 744 4617 κ.
767 4578 796 4622 τ.
817 4559 845 4618 λ.
