3684 5734
801 681 1067 738 COROLLARIVM
1445 685 1503 738 lux

348 847 478 912 Kuhnii
503 849 634 932 ephem.
657 849 778 932 linguis
802 847 1029 930 comparandis
1053 847 1180 911 dicatae
1204 848 1266 910 vol,
1289 847 1366 910 xxi
1390 844 1506 916 (novae

347 977 411 1018 ser.
433 953 466 1022 l')
495 977 527 1039 p.
555 957 633 1020 168:
662 954 744 1019 mihi
771 957 882 1018 tamen
905 975 1093 1038 persuasum
1122 958 1171 1016 est
1198 956 1255 1016 aut
1281 953 1427 1017 ocultusso
1452 957 1508 1016 aut

348 1063 524 1126 wollar-cro
547 1062 609 1126 illa
631 1065 740 1125 aetate
763 1061 935 1126 dicendum
957 1059 1065 1125 fuisse.

444 1169 490 1234 84
513 1168 609 1245 Quod
628 1168 737 1232 Verrii
754 1166 875 1248 Flacci,
897 1171 934 1231 ut
958 1167 1093 1250 videtur,
1117 1167 1312 1232 auctoritate
1334 1165 1422 1230 nisus
1441 1163 1506 1228 No-

351 1277 427 1340 nius
451 1279 596 1340 testatur
618 1275 723 1356 diliyit
744 1273 876 1340 notione
895 1296 960 1358 qua
978 1273 1097 1338 dicitur
1120 1274 1281 1356 discindit,
1305 1294 1321 1335 e
1344 1275 1435 1336 textu
1459 1293 1506 1334 rc-

354 1405 490 1447 movere
523 1407 620 1446 ausus
656 1403 723 1446 nou
754 1405 841 1464 sum,
873 1403 1070 1464 quamquam
1098 1402 1201 1464 neque
1234 1377 1507 1444 CFWMuellerus

355 1490 486 1573 prosod.
510 1489 577 1552 luo
606 1511 711 1572 neque
739 1489 888 1552 laudatus
919 1489 961 1551 ab
990 1486 1051 1551 lroo
1074 1484 1241 1549 Madvicus
1272 1482 1413 1568 (cineud.
1437 1483 1506 1546 Iiiv.

359 1596 451 1676 155),
478 1595 535 1678 qui
562 1595 666 1660 nostri
696 1594 822 1658 locine
849 1616 975 1658 mernor
997 1594 1126 1676 quidem
1149 1593 1226 1674 fuit,
1252 1613 1321 1654 rein
1345 1591 1384 1654 ad
1413 1590 1506 1672 liqui-

357 1701 432 1764 dnm
466 1700 655 1783 perduxisse
691 1700 849 1764 videntur.
902 1702 1062 1781 Isou-ntur
1098 1721 1174 1763 sane
1215 1698 1336 1762 herbae
1376 1696 1506 1760 frondes

360 1805 482 1870 tructus
505 1803 560 1890 (cf.
577 1806 673 1871 Puuli
696 1805 810 1870 Festus
833 1829 864 1889 p.
882 1807 945 1870 115
959 1806 1025 1888 Μ),
1049 1806 1125 1869 dum
1148 1807 1326 1888 carpuntur
1348 1804 1399 1868 vol
1423 1803 1506 1865 evel-

362 1911 482 1976 luntur:
505 1913 699 1996 ‘carpendae
722 1914 870 1977 manibus
895 1914 1025 1978 frondes
1049 1914 1195 1995 interque-
1220 1909 1385 1995 legendae’
1409 1908 1507 1993 Verg.

365 2039 410 2100 ge.
431 2017 462 2082 ll
488 2020 565 2098 3663
599 2017 697 2084 ‘satis
731 2019 891 2103 ple-risque
920 2021 1024 2084 visum
1053 2021 1102 2082 est
1126 2069 1132 2080 .
1153 2070 1159 2082 .
1180 2069 1186 2080 .
1209 2018 1326 2080 herbas
1356 2022 1388 2079 ct
1415 2039 1505 2099 prae.-

368 2125 454 2207 ripue
486 2126 638 2210 gramina
669 2127 844 2210 extirpare,
877 2149 959 2210 quac
989 2127 1050 2190 nisi
1086 2148 1183 2189 manu
1212 2125 1376 2208 cliguntur
1408 2127 1441 2184 ct
1473 2123 1506 2186 in

372 2253 519 2296 summurn
540 2232 719 2296 reiciantur
742 2285 749 2298 .
768 2283 775 2296 .
794 2283 801 2296 .
824 2231 1039 2297 reviviscunt'
1064 2230 1245 2297 Columella
1264 2231 1302 2293 de
1322 2252 1355 2293 re
1371 2252 1394 2292 r.
1409 2227 1456 2292 lv
1472 2228 1505 2313 53

374 2333 560 2422 ‘herbaeque
587 2338 756 2423 eligendae
780 2344 812 2403 et
835 2341 912 2404 dum
940 2345 1070 2404 tenerae
1098 2341 1173 2402 sunt
1195 2335 1376 2400 vellendae’
1400 2334 1506 2399 Varro

377 2441 459 2506 dere
481 2445 537 2508 r.l
560 2446 617 2520 47;
642 2445 778 2510 ‘sterile-s
802 2446 920 2510 herbas
945 2445 1079 2531 eligens’
1104 2443 1233 2508 Curtius
1257 2443 1303 2506 IV
1325 2445 1353 2516 l,
1373 2444 1424 2506 21.
1458 2441 1504 2505 lld

380 2569 447 2628 «lirae
468 2552 611 2632 proxime
636 2553 793 2616 accedunt
815 2551 980 2616 Ciceronis
1004 2553 1096 2616 Tusc.
1110 2552 1191 2634 disp.
1211 2551 1256 2612 lll
1278 2551 1330 2630 34,
1350 2551 1391 2612 83
1417 2548 1504 2612 ‘stir-

383 2673 427 2734 pes
446 2657 653 2740 aegritudinis
677 2709 709 2721 ..
729 2709 736 2722 .
760 2658 831 2741 ipso
850 2661 964 2723 trunco
985 2681 1095 2722 everso
1115 2681 1224 2722 omncs
1249 2657 1401 2738 elidendae
1420 2653 1505 2718 sunt’

384 2763 411 2819 cl
435 2763 522 2842 paulo
554 2763 641 2828 infra
673 2763 765 2827 ‘illae
797 2765 899 2829 fibrae
932 2765 1082 2847 stirpium
1112 2816 1118 2827 .
1142 2815 1175 2828 ..
1203 2762 1441 2846 persequendae
1475 2767 1507 2824 ot

386 2885 473 2930 onnes
490 2869 671 2952 eluendae&
693 2871 738 2934 sic
758 2871 844 2934 enim
864 2870 989 2934 codices
1010 2871 1141 2944 liabent,
1160 2891 1357 2951 qrnrnrquurn
1375 2867 1507 2929 fircrunt

387 2971 429 3052 qui
446 2973 594 3040 elidendae
617 2977 825 3060 corrigerent.
862 2977 1052 3060 videturque
1077 2978 1116 3040 ad
1136 2976 1270 3040 eandem
1293 2996 1441 3038 nonnam
1466 2973 1506 3036 si-

389 3077 517 3146 millimus
544 3083 584 3146 de
612 3083 709 3147 divin.
733 3083 765 3146 ll
794 3085 849 3164 72,
877 3083 937 3146 148
966 3083 1055 3147 locus
1084 3083 1257 3166 exigendus
1286 3103 1353 3146 csse
1382 3079 1506 3164 ‘super-

390 3181 503 3250 stitionis
526 3190 643 3272 stirpes
668 3213 778 3254 omues
801 3187 977 3260 uidendae,
1001 3189 1055 3252 ubi
1079 3190 1233 3252 elidrudae
1255 3187 1430 3268 Manutius,
1453 3187 1506 3250 eli-

388 3291 477 3364 !mdoc
497 3295 662 3358 liudricus
687 3296 833 3360 coniecit..
871 3296 924 3359 scd
949 3296 1000 3358 vir
1026 3296 1148 3359 maiore
1173 3295 1308 3358 alutaris
1332 3294 1365 3357 in
1388 3293 1505 3356 'Fuscu-

392 3391 452 3460 luuis
464 3399 733 3482 disputationibus
749 3402 788 3464 ad
813 3402 907 3466 liuius
922 3401 1062 3485 cxcnrpli
1086 3401 1332 3465 similit-ruliueln
1356 3401 1507 3464 eie-ioman

393 3503 515 3586 corrigas,
533 3507 619 3590 quod
638 3511 723 3570 certe
742 3508 858 3572 fort-ius
879 3512 911 3571 ct
930 3509 1108 3571 sentcntiae
1128 3508 1232 3592 magis
1249 3511 1361 3590 aptum
1381 3507 1507 3569 ridetur

393 3624 464 3684 quun
484 3613 580 3676 nimis
604 3613 678 3678 lenc
701 3637 773 3680 meo
789 3637 883 3678 sensu
906 3615 1076 3697 cliywuluc:
1100 3638 1175 3678 narn
1195 3615 1299 3697 ipsam
1319 3613 1505 3676 excindendi

393 3713 580 3804 orvllcndique
609 3721 879 3804 significationem
909 3745 974 3784 nou
1003 3722 1106 3802 nugis
1136 3722 1238 3785 inesse
1267 3721 1299 3784 in
1332 3718 1395 3783 illis
1427 3718 1506 3780 loc-is

394 3815 617 3890 ilsnonstratuur
651 3827 758 3903 virleu,
790 3852 887 3910 curaui
918 3830 971 3891 ubi
1004 3829 1124 3892 l’urcuc
1153 3829 1220 3909 tila,
1253 3829 1370 3889 inuitus.
1401 3825 1505 3887 litoris

395 3943 454 4004 tirus,
474 3934 552 4007 selu,
576 3933 632 3996 alii
658 3933 759 4016 spolia
786 3935 890 4014 fugati
917 3935 1033 4002 hostis.
1058 3959 1132 3998 ossa
1156 3932 1299 4015 corporis
1325 3931 1442 3994 ruortui
1468 3931 1506 3992 de

396 4027 442 4106 via,
463 4059 559 4104 uiuos
592 4041 623 4103 in
648 4039 747 4103 uraris
779 4041 908 4124 gurgite
941 4042 1045 4122 teucro,
1076 4042 1123 4103 vol
1148 4041 1296 4120 ,osbtruere
1327 4061 1505 4102 sennonem

394 4131 523 4225 dicutur,
554 4147 587 4211 in
611 4147 727 4230 quibus
752 4169 771 4209 a
794 4147 955 4210 tractandi
984 4148 1034 4210 vcl
1061 4147 1198 4210 otwuudi
1227 4145 1359 4209 notione
1388 4143 1505 4207 scusinr

393 4245 516 4316 transitus
540 4255 578 4317 tit-
601 4253 641 4316 ad
664 4253 852 4335 tollendum,
877 4255 931 4317 sed
957 4255 1044 4317 omni
1068 4252 1243 4316 violentia-c
1269 4253 1505 4332 signriticutiouo

394 4356 476 4424 llsstul
502 4359 629 4440 habita,
657 4359 757 4422 irnmo
782 4363 819 4423 ut
846 4361 964 4424 sensim
990 4365 1021 4424 et·
1051 4359 1208 4442 paulatini
1240 4359 1305 4421 lieri
1336 4359 1506 4438 cogitetur.

393 4446 537 4537 S‘mirandi
563 4473 671 4528 alutem
696 4465 807 4528 abhis
832 4465 880 4528 illi
905 4466 1071 4542 lucinum,
1096 4466 1147 4528 ubi
1174 4466 1259 4529 ricrri
1282 4463 1505 4546 aliquomodo

392 4555 520 4634 debilitati
552 4571 711 4636 dicuutur.
758 4579 854 4656 utqrw
885 4577 920 4634 ut
949 4573 1065 4635 (tristis
1097 4577 1227 4635 autore
1259 4595 1335 4634 rcur.
1355 4593 1416 4634 aur.
1445 4573 1503 4635 147

393 4661 501 4756 ¹lllguor
522 4682 553 4743 ct
577 4678 977 4762 somni,aleaetviuu1n
1002 4677 1147 4760 ‘utpium
1171 4701 1280 4742 onurcs
1306 4677 1413 4742 aninlo
1438 4679 1505 4742 sino
