3684 5734
841 659 1021 716 ADDENDA
1448 661 1510 720 clx

351 822 434 910 cipit
467 847 532 890 non
564 825 698 910 propius
729 825 823 888 abest
851 847 871 888 a
899 823 1068 889 Diomedis
1099 827 1131 886 et
1161 822 1294 907 Pennpei
1326 829 1505 910 corruptela

349 941 403 1012 qni
430 955 531 1016 quarn
565 933 599 996 in
631 935 810 996 ceterorum
841 933 1009 995 auctorum
1038 929 1136 1016 linter
1165 954 1246 1014 (pios
1275 931 1392 1018 Varro)
1416 933 1508 996 libris

349 1037 512 1103 traditura
535 1061 624 1120 quaa
648 1061 711 1122 quo
736 1038 776 1102 ad
795 1037 990 1102 sententiam
1014 1037 1129 1100 melius
1149 1037 1306 1119 quadrare
1325 1038 1370 1102 nil
1391 1042 1508 1121 potest.

444 1145 647 1230 Ambiguum
661 1169 732 1209 esse
747 1145 786 1209 do
800 1143 893 1208 Accii
906 1167 936 1207 v.
952 1143 994 1206 74
1008 1142 1162 1207 iudiciuin
1177 1143 1275 1208 etiam
1289 1167 1374 1208 nuno
1389 1147 1507 1210 sentio:

348 1253 408 1316 rix
432 1253 520 1316 enim
542 1253 648 1316 minus
666 1251 826 1316 violenter
844 1253 990 1314 mutatur
1009 1251 1116 1314 (wiredo
1135 1250 1235 1335 (quod
1250 1254 1282 1313 et-
1297 1253 1457 1315 sent-entia
1476 1257 1508 1317 et

348 1363 458 1442 praet.
486 1382 516 1422 v.
540 1359 583 1423 25
610 1360 692 1424 euim
719 1355 843 1445 tuetur)
867 1380 963 1442 quarn
991 1357 1163 1438 expellitur
1192 1363 1227 1420 ut
1250 1359 1390 1424 otiosum
1414 1380 1507 1424 arieles.

348 1471 479 1530 eertunr
509 1469 618 1530 tamen
640 1465 704 1531 hoo
727 1468 777 1529 est
799 1464 884 1528 {also
909 1465 1071 1528 indnndies
1094 1464 1275 1560 lriooseribi.
1322 1487 1399 1529 nam
1419 1467 1507 1529 inern-

347 1573 461 1636 diernli
482 1573 587 1656 notio,
610 1593 708 1655 quarn
726 1571 894 1636 Bentleius
918 1571 1016 1632 etiarn
1039 1569 1080 1633 ad
1104 1569 1175 1633 Tor.
1198 1570 1327 1635 Phornr.
1352 1570 1381 1634 V
1406 1575 1440 1655 o,
1464 1574 1504 1636 31

348 1679 496 1743 sensisse
529 1679 634 1764 magis
669 1701 766 1762 quam
796 1677 1008 1761 exrdicavisse
1037 1676 1175 1760 videtur,
1203 1700 1276 1741 curn
1305 1679 1508 1742 adnot-averit

344 1779 436 1848 'esse
456 1807 527 1849 rem
545 1787 634 1870 prius
654 1784 815 1849 occultam
835 1789 868 1847 et
885 1783 1025 1847 celatam
1044 1783 1141 1847 farnlo
1162 1783 1292 1869 uruliro’‚
1316 1786 1363 1848 ita.
1382 1784 1507 1848 videtur

350 1891 539 1956 definienda
570 1914 654 1978 esso,
685 1894 723 1955 ut
754 1892 840 1976 qnod
871 1891 943 1974 quis
975 1889 1111 1954 fortuito
1140 1891 1227 1954 aliud
1256 1912 1354 1975 agens
1384 1891 1507 1956 audivit

347 1997 552 2063 inaudivisse
581 1999 714 2063 dicatur.
752 2000 798 2063 sio
827 1998 911 2062 enirn
940 1996 1146 2080 intellegendi
1171 1996 1312 2061 l‘luntini
1337 1999 1398 2062 loci
1422 1998 1506 2062 hice:

348 2105 422 2171 mil.
446 2107 522 2171 211.
545 2107 610 2170 442
638 2105 735 2170 Most.
760 2105 825 2169 542
848 2102 946 2166 llere.
966 2104 1039 2166 941.
1064 2103 1129 2166 944
1154 2101 1252 2167 Stich.
1278 2107 1318 2168 ἵῖ
1344 2105 1451 2170 ΛιιΙυΙ.
1474 2105 1503 2169 ll

349 2215 382 2298 2,
409 2215 454 2279 88
478 2219 511 2276 et
534 2211 628 2297 caps.
651 2212 732 2296 prol.
757 2212 813 2296 27,
836 2213 1005 2294 praetcrea.
1023 2208 1138 2273 l‘ucuv.
1159 2213 1201 2272 tls)
1222 2211 1332 2274 Al'run.
1357 2213 1398 2276 «38
1423 2210 1505 2276 Nor.

349 2321 411 2402 56,
437 2319 583 2384 Terentii
601 2320 621 2383 l.
641 2341 741 2402 supra
766 2317 800 2402 l.,
820 2315 984 2382 Ciceronis
1011 2315 1051 2379 ad
1069 2315 1139 2381 Att.
1153 2316 1200 2380 Vl
1223 2320 1248 2402 1,
1263 2319 1314 2382 20.
1333 2317 1393 2382 XV
1410 2321 1461 2403 un,
1479 2320 1505 2382 1.

349 2425 432 2490 XVI
458 2429 484 2510 l,
503 2428 534 2490 2.
557 2427 598 2490 ad
615 2427 691 2490 farn.
710 2423 757 2490 IX
776 2425 828 2508 24,
851 2427 876 2487 l.
900 2424 1016 2507 fragm.
1041 2423 1125 2505 apud
1146 2421 1290 2488 Nonium
1308 2448 1339 2508 p.
1362 2427 1434 2504 126,
1457 2429 1505 2490 18.

349 2555 393 2596 ex
420 2535 541 2617 quibus
568 2534 616 2598 illi
642 2533 781 2596 maxime
809 2529 1033 2596 considerandi
1062 2533 1149 2613 sunt,
1182 2533 1296 2614 quibus
1325 2533 1505 2597 clanculum

351 2641 406 2704 vel
436 2641 551 2704 furt-im
575 2639 625 2704 vel
649 2639 755 2702 sribito
781 2640 838 2702 aut
860 2638 1027 2721 inproviso
1052 2637 1101 2700 vel
1126 2660 1163 2699 ex
1186 2641 1278 2721 purte
1303 2643 1431 2703 tanturn
1454 2642 1505 2704 vel

351 2749 463 2810 rninus
494 2749 583 2810 certo
612 2750 666 2809 aut
695 2744 867 2829 diligenter
894 2744 1005 2807 audita
1033 2744 1222 2807 innuuntur:
1253 2749 1290 2807 ut
1317 2745 1505 2811 Aululariae

350 2855 427 2919 loco
452 2849 561 2918 ‘eredo
591 2874 651 2938 ego
679 2853 769 2915 illuni
800 2853 864 2915 iarn
893 2851 1067 2914 i1nunliisse
1096 2851 1174 2913 nrilri
1200 2874 1269 2914 esse
1295 2853 1504 2918 thensaurum

351 2961 466 3044 dorni',
498 2961 584 3044 qnod
616 2961 669 3044 qui
702 2958 812 3022 audire
841 2959 984 3042 pertinuit
1016 2956 1210 3042 Megadorus
1243 2959 1304 3022 nisi
1337 2959 1504 3026 Euclionis

351 3068 545 3132 snbl'uratus
576 3065 763 3130 sermones?
795 3068 827 3129 et
855 3064 967 3127 eodeni
995 3065 1197 3128 reterendurn
1225 3066 1309 3150 quod
1337 3068 1391 3130 illo
1419 3068 1505 3152 apud

352 3175 529 3238 Afranium
553 3195 665 3237 cavere
689 3172 778 3235 iubet
796 3165 849 3234 ‘ne
872 3172 926 3235 ille
943 3157 1130 3234 induiuliut'.
1168 3175 1244 3236 itenr
1259 3197 1369 3238 soneru
1384 3175 1503 3240 Tranio

352 3283 388 3346 in
407 3279 612 3345 Mostellaria
634 3279 759 3362 metuit,
782 3301 821 3341 ne
845 3277 883 3342 de
912 3279 1096 3362 sumptibus
1125 3281 1180 3342 lilii
1211 3283 1376 3366 insperato
1399 3277 1503 3368 ‘quip-

351 3391 444 3474 pianr
470 3387 705 3452 indaudiverit'.
752 3385 896 3450 blodeste
921 3385 973 3448 ille
998 3386 1031 3447 in
1055 3409 1218 3450 anuonnn
1239 3388 1354 3452 iudicio
1374 3389 1505 3454 Pacuvii

351 3497 501 3580 loquitur
521 3489 622 3578 ‘qnod
649 3513 710 3576 ergo
737 3493 878 3556 inaudivi
907 3493 1065 3576 aecipite’,
1093 3515 1195 3576 neque
1224 3498 1308 3558 eninr
1333 3498 1442 3560 onrnia
1466 3519 1504 3561 ex

351 3601 467 3666 ordine
492 3605 525 3664 et
548 3605 636 3665 certo
656 3625 691 3662 se
709 3620 841 3663 narrare
854 3620 950 3682 posse
965 3600 1146 3681 profitetur,
1178 3596 1342 3684 ‘llepentc'
1359 3603 1503 3667 additum

351 3711 456 3774 etiarn
483 3713 535 3772 est
562 3708 647 3790 apud
676 3706 830 3771 Novium:
853 3700 950 3767 ‘unde
979 3705 1041 3770 lroo
1071 3711 1137 3770 tarn
1166 3715 1297 3792 repento
1328 3708 1503 3773 lnourulnnr

353 3817 499 3882 inaudivi
525 3812 679 3880 aulum?
704 3813 773 3878 lam
797 3813 868 3895 quis
888 3835 951 3875 non
973 3813 1131 3896 intellegit
1150 3838 1245 3898 quarn
1266 3815 1402 3878 absurde
1418 3817 1503 3898 apud

351 3925 491 3988 Aeeiunr
512 3921 575 4006 ille,
599 3923 652 4006 crui
672 3921 749 3984 data
772 3941 871 4002 opera
895 3922 1101 3984 narralnrnrn
1118 3949 1150 3984 se
1166 3947 1235 3984 esse
1251 3922 1402 4005 quidquid
1422 3924 1504 3990 solut

353 4031 461 4114 alteri,
485 4052 581 4114 quern
601 4029 738 4093 sollicito
762 4027 958 4108 ‹liraesivisse
983 4034 1234 4091 eonsentaruonn
1250 4034 1312 4114 est,
1330 4031 1504 4116 promittit,

353 4139 401 4202 sio
426 4137 514 4220 loqui
539 4139 681 4220 pratetur:
705 4155 782 4216 queue
803 4135 883 4196 scibo
906 4135 1075 4198 astaudus.
1114 4139 1263 4200 t'eurunr
1287 4138 1398 4202 erulern
1413 4162 1502 4222 prue-

352 4245 529 4330 positionis
553 4253 585 4308 ia
607 4243 814 4328 significatio,
844 4265 907 4325 qua.
930 4243 1079 4306 inuidisse
1104 4247 1211 4304 uetnni
1236 4245 1323 4306 verbi
1349 4245 1381 4306 in
1405 4247 1502 4310 aliurn

352 4373 425 4416 rem
454 4350 598 4436 intellegi
627 4350 768 4434 iubetur,
799 4348 870 4412 vide
894 4371 937 4412 an
960 4350 1058 4412 etiarn
1083 4348 1122 4411 ad
1146 4349 1206 4414 boe
1231 4351 1373 4414 Suetonii
1399 4376 1501 4416 exeni-

354 4460 448 4544 plum
462 4455 534 4522 Tib.
548 4457 590 4521 39
606 4457 784 4522 adhibenda
802 4458 860 4520 sit:
878 4451 1061 4522 ‘incenante
1077 4481 1114 4521 eo
1129 4459 1297 4543 eonrplura
1312 4463 1344 4522 et·
1359 4461 1500 4544 ingentia

354 4589 436 4630 saxu
460 4565 594 4630 fortuito
619 4586 757 4648 superne
772 4564 904 4650 delapsa
918 4565 1014 4648 sunt,’
1040 4565 1106 4628 soil.
1140 4565 1215 4631 ‹lurn
1232 4569 1313 4631 torto
1329 4568 1501 4654 aliquando

354 4671 507 4760 cenabat,
530 4671 647 4738 oceidit
670 4677 706 4738 ut
728 4695 808 4738 saxa
826 4672 1059 4738 delaberentur.
