<?xml version="1.0" encoding="UTF-8"?>
<!DOCTYPE html PUBLIC "-//W3C//DTD XHTML 1.0 Transitional//EN"
    "http://www.w3.org/TR/xhtml1/DTD/xhtml1-transitional.dtd">
<html xmlns="http://www.w3.org/1999/xhtml" xml:lang="en" lang="en">
 <head>
  <title>
</title>
<meta http-equiv="Content-Type" content="text/html;charset=utf-8" />
  <meta name='ocr-system' content='tesseract 3.04.00' />
  <meta name='ocr-capabilities' content='ocr_page ocr_carea ocr_par ocr_line ocrx_word'/>
</head>
<body>
  <div class='ocr_page' id='page_1' title='image "./scaenicaeromano03ribbgoog_0084.png"; bbox 0 0 3684 5734; ppageno 0'>
   <div class='ocr_carea' id='block_1_1' title="bbox 350 562 1054 618">
    <p class='ocr_par' dir='ltr' id='par_1_1' title="bbox 350 562 1054 618">
     <span class='ocr_line' id='line_1_1' title="bbox 350 562 1054 618; baseline 0 -2"><span class='ocrx_word' id='word_1_1' title='bbox 350 565 492 618; x_wconf 77' lang='lat' dir='ltr'>LXXVIII</span> <span class='ocrx_word' id='word_1_2' title='bbox 787 562 1054 618; x_wconf 70' lang='lat' dir='ltr'><strong>cononasnlvn</strong></span> 
     </span>
    </p>
   </div>
   <div class='ocr_carea' id='block_1_2' title="bbox 343 723 1494 2728">
    <p class='ocr_par' dir='ltr' id='par_1_2' title="bbox 344 723 1494 1538">
     <span class='ocr_line' id='line_1_2' title="bbox 347 723 1494 814; baseline 0 -24"><span class='ocrx_word' id='word_1_3' title='bbox 347 727 506 792; x_wconf 87' lang='lat' dir='ltr'><strong>l&#39;olluitur</strong></span> <span class='ocrx_word' id='word_1_4' title='bbox 527 723 672 814; x_wconf 57' lang='lat' dir='ltr'><strong>{aether&#39;,</strong></span> <span class='ocrx_word' id='word_1_5' title='bbox 700 742 732 790; x_wconf 92' lang='lat' dir='ltr'><strong>et</strong></span> <span class='ocrx_word' id='word_1_6' title='bbox 757 726 880 790; x_wconf 86' lang='lat' dir='ltr'><strong>Plinius</strong></span> <span class='ocrx_word' id='word_1_7' title='bbox 904 750 933 790; x_wconf 93' lang='lat' dir='ltr'><strong>u.</strong></span> <span class='ocrx_word' id='word_1_8' title='bbox 958 727 987 790; x_wconf 84' lang='lat' dir='ltr'><strong>lr.</strong></span> <span class='ocrx_word' id='word_1_9' title='bbox 1011 727 1133 810; x_wconf 83' lang='lat' dir='ltr'><strong>passim</strong></span> <span class='ocrx_word' id='word_1_10' title='bbox 1163 727 1268 790; x_wconf 77' lang='lat' dir='ltr'><strong>clitum</strong></span> <span class='ocrx_word' id='word_1_11' title='bbox 1297 725 1429 791; x_wconf 86' lang='lat' dir='ltr'><strong>odorem</strong></span> <span class='ocrx_word' id='word_1_12' title='bbox 1453 727 1494 812; x_wconf 88' lang='lat' dir='ltr'><strong>(e.</strong></span> 
     </span>
     <span class='ocr_line' id='line_1_3' title="bbox 345 831 1494 918; baseline -0.002 -18"><span class='ocrx_word' id='word_1_13' title='bbox 345 857 371 900; x_wconf 90' lang='lat' dir='ltr'><strong>e.</strong></span> <span class='ocrx_word' id='word_1_14' title='bbox 396 835 441 900; x_wconf 71' lang='grc' dir='ltr'>Π</span> <span class='ocrx_word' id='word_1_15' title='bbox 469 837 518 916; x_wconf 85' lang='grc'><strong>11,</strong></span> <span class='ocrx_word' id='word_1_16' title='bbox 542 835 586 898; x_wconf 84' lang='grc'><strong>30</strong></span> <span class='ocrx_word' id='word_1_17' title='bbox 609 833 716 898; x_wconf 71' lang='lat' dir='ltr'><strong>‘amne</strong></span> <span class='ocrx_word' id='word_1_18' title='bbox 739 834 801 897; x_wconf 88' lang='lat' dir='ltr'><strong>diri</strong></span> <span class='ocrx_word' id='word_1_19' title='bbox 825 834 934 898; x_wconf 63' lang='lat' dir='ltr'><strong>rueris</strong></span> <span class='ocrx_word' id='word_1_20' title='bbox 959 832 1098 916; x_wconf 73' lang='lat' dir='ltr'><strong>tluente&#39;,</strong></span> <span class='ocrx_word' id='word_1_21' title='bbox 1123 831 1185 896; x_wconf 82' lang='lat' dir='ltr'>I&#39;II</span> <span class='ocrx_word' id='word_1_22' title='bbox 1208 833 1257 916; x_wconf 74' lang='lat'><strong>15,</strong></span> <span class='ocrx_word' id='word_1_23' title='bbox 1272 831 1338 918; x_wconf 73' lang='lat'><strong>64).</strong></span> <span class='ocrx_word' id='word_1_24' title='bbox 1370 833 1494 898; x_wconf 84' lang='lat' dir='ltr'><strong>Tamen</strong></span> 
     </span>
     <span class='ocr_line' id='line_1_4' title="bbox 345 936 1494 1026; baseline -0.003 -18"><span class='ocrx_word' id='word_1_25' title='bbox 345 965 411 1008; x_wconf 90' lang='lat' dir='ltr'><strong>uon</strong></span> <span class='ocrx_word' id='word_1_26' title='bbox 432 963 517 1026; x_wconf 79' lang='lat' dir='ltr'><strong>nego</strong></span> <span class='ocrx_word' id='word_1_27' title='bbox 544 941 665 1004; x_wconf 86' lang='lat' dir='ltr'><strong>habere</strong></span> <span class='ocrx_word' id='word_1_28' title='bbox 688 965 752 1024; x_wconf 88' lang='lat' dir='ltr'><strong>quo</strong></span> <span class='ocrx_word' id='word_1_29' title='bbox 781 937 1023 1005; x_wconf 87' lang='lat' dir='ltr'><strong>&#39;commendetur</strong></span> <span class='ocrx_word' id='word_1_30' title='bbox 1051 941 1252 1004; x_wconf 81' lang='lat' dir='ltr'><strong>octonarium</strong></span> <span class='ocrx_word' id='word_1_31' title='bbox 1281 936 1494 1004; x_wconf 87' lang='lat' dir='ltr'><strong>Studemundi</strong></span> 
     </span>
     <span class='ocr_line' id='line_1_5' title="bbox 344 1046 1494 1131; baseline -0.001 -18"><span class='ocrx_word' id='word_1_32' title='bbox 344 1049 444 1114; x_wconf 86' lang='lat' dir='ltr'><strong>hunc:</strong></span> <span class='ocrx_word' id='word_1_33' title='bbox 467 1049 565 1131; x_wconf 74' lang='lat' dir='ltr'><strong>upupa</strong></span> <span class='ocrx_word' id='word_1_34' title='bbox 586 1049 639 1124; x_wconf 79' lang='lat' dir='ltr'><strong>se&#39;s,</strong></span> <span class='ocrx_word' id='word_1_35' title='bbox 661 1049 783 1111; x_wconf 74' lang='lat' dir='ltr'><strong>alam:</strong></span> <span class='ocrx_word' id='word_1_36' title='bbox 807 1049 894 1110; x_wconf 78' lang='lat' dir='ltr'><strong>teiam</strong></span> <span class='ocrx_word' id='word_1_37' title='bbox 916 1049 1056 1111; x_wconf 70' lang='lat' dir='ltr'><strong>aestiuum</strong></span> <span class='ocrx_word' id='word_1_38' title='bbox 1083 1048 1113 1110; x_wconf 84' lang='lat' dir='ltr'><strong>iu</strong></span> <span class='ocrx_word' id='word_1_39' title='bbox 1139 1047 1268 1110; x_wconf 70' lang='lat' dir='ltr'><strong>uiribus</strong></span> <span class='ocrx_word' id='word_1_40' title='bbox 1285 1046 1494 1127; x_wconf 59' lang='lat' dir='ltr'><strong>primarum</strong></span> 
     </span>
     <span class='ocr_line' id='line_1_6' title="bbox 345 1151 1493 1239; baseline -0.002 -20"><span class='ocrx_word' id='word_1_41' title='bbox 345 1177 542 1239; x_wconf 87' lang='lat' dir='ltr'><strong>quamquam</strong></span> <span class='ocrx_word' id='word_1_42' title='bbox 565 1154 664 1236; x_wconf 61' lang='lat' dir='ltr'><strong>&amp;paupe</strong></span> <span class='ocrx_word' id='word_1_43' title='bbox 684 1157 729 1218; x_wconf 82' lang='lat' dir='ltr'><strong>sis</strong></span> <span class='ocrx_word' id='word_1_44' title='bbox 751 1155 786 1217; x_wconf 94' lang='lat' dir='ltr'><strong>in</strong></span> <span class='ocrx_word' id='word_1_45' title='bbox 809 1154 898 1218; x_wconf 81' lang='lat' dir='ltr'><strong>exitu</strong></span> <span class='ocrx_word' id='word_1_46' title='bbox 927 1176 1038 1217; x_wconf 79' lang='lat' dir='ltr'><strong>sersus</strong></span> <span class='ocrx_word' id='word_1_47' title='bbox 1062 1153 1204 1217; x_wconf 82' lang='lat' dir='ltr'>Terentii</span> <span class='ocrx_word' id='word_1_48' title='bbox 1229 1175 1299 1216; x_wconf 90' lang='lat' dir='ltr'><strong>eun.</strong></span> <span class='ocrx_word' id='word_1_49' title='bbox 1322 1151 1369 1216; x_wconf 75' lang='lat' dir='ltr'><strong>lv</strong></span> <span class='ocrx_word' id='word_1_50' title='bbox 1393 1153 1429 1234; x_wconf 88' lang='lat'><strong>6,</strong></span> <span class='ocrx_word' id='word_1_51' title='bbox 1455 1153 1493 1218; x_wconf 88' lang='grc'><strong>18</strong></span> 
     </span>
     <span class='ocr_line' id='line_1_7' title="bbox 346 1257 1493 1344; baseline 0 -20"><span class='ocrx_word' id='word_1_52' title='bbox 346 1261 494 1344; x_wconf 86' lang='lat' dir='ltr'><strong>exemplo</strong></span> <span class='ocrx_word' id='word_1_53' title='bbox 516 1261 676 1344; x_wconf 84' lang='lat' dir='ltr'><strong>probatur</strong></span> <span class='ocrx_word' id='word_1_54' title='bbox 698 1283 757 1324; x_wconf 88' lang='lat' dir='ltr'><strong>nee</strong></span> <span class='ocrx_word' id='word_1_55' title='bbox 781 1260 862 1324; x_wconf 87' lang='lat' dir='ltr'><strong>satis</strong></span> <span class='ocrx_word' id='word_1_56' title='bbox 886 1261 970 1324; x_wconf 88' lang='lat' dir='ltr'><strong>tueri</strong></span> <span class='ocrx_word' id='word_1_57' title='bbox 995 1260 1164 1324; x_wconf 84' lang='lat' dir='ltr'><strong>rideantur</strong></span> <span class='ocrx_word' id='word_1_58' title='bbox 1192 1257 1325 1322; x_wconf 89' lang='lat' dir='ltr'><strong>baechei</strong></span> <span class='ocrx_word' id='word_1_59' title='bbox 1348 1257 1493 1324; x_wconf 85' lang='lat' dir='ltr'><strong>Plautini</strong></span> 
     </span>
     <span class='ocr_line' id='line_1_8' title="bbox 348 1361 1494 1450; baseline -0.002 -18"><span class='ocrx_word' id='word_1_60' title='bbox 348 1368 443 1432; x_wconf 86' lang='lat' dir='ltr'><strong>Pocn.</strong></span> <span class='ocrx_word' id='word_1_61' title='bbox 467 1367 532 1430; x_wconf 69' lang='lat'><strong>226</strong></span> <span class='ocrx_word' id='word_1_62' title='bbox 561 1366 673 1448; x_wconf 70' lang='lat' dir='ltr'><strong>‘upripe</strong></span> <span class='ocrx_word' id='word_1_63' title='bbox 697 1369 759 1432; x_wconf 77' lang='lat' dir='ltr'><strong>sis:</strong></span> <span class='ocrx_word' id='word_1_64' title='bbox 787 1369 898 1450; x_wconf 83' lang='lat' dir='ltr'><strong>negoti</strong></span> <span class='ocrx_word' id='word_1_65' title='bbox 926 1361 1081 1450; x_wconf 88' lang='lat' dir='ltr'><strong>quantum</strong></span> <span class='ocrx_word' id='word_1_66' title='bbox 1111 1367 1145 1429; x_wconf 93' lang='lat' dir='ltr'><strong>in</strong></span> <span class='ocrx_word' id='word_1_67' title='bbox 1168 1364 1301 1428; x_wconf 86' lang='lat' dir='ltr'><strong>muliere</strong></span> <span class='ocrx_word' id='word_1_68' title='bbox 1326 1387 1391 1430; x_wconf 89' lang='lat' dir='ltr'><strong>una</strong></span> <span class='ocrx_word' id='word_1_69' title='bbox 1414 1363 1494 1430; x_wconf 86' lang='lat' dir='ltr'><strong>est!’</strong></span> 
     </span>
     <span class='ocr_line' id='line_1_9' title="bbox 346 1473 1061 1538; baseline 0 -2"><span class='ocrx_word' id='word_1_70' title='bbox 346 1475 475 1538; x_wconf 87' lang='lat' dir='ltr'><strong>eosdem</strong></span> <span class='ocrx_word' id='word_1_71' title='bbox 499 1479 651 1536; x_wconf 85' lang='lat' dir='ltr'><strong>accentus</strong></span> <span class='ocrx_word' id='word_1_72' title='bbox 675 1474 710 1536; x_wconf 89' lang='lat' dir='ltr'><strong>in</strong></span> <span class='ocrx_word' id='word_1_73' title='bbox 733 1473 883 1537; x_wconf 76' lang='lat' dir='ltr'><strong>iambicis</strong></span> <span class='ocrx_word' id='word_1_74' title='bbox 907 1474 1061 1537; x_wconf 84' lang='lat' dir='ltr'><strong>numeris.</strong></span> 
     </span>
    </p>

    <p class='ocr_par' dir='ltr' id='par_1_3' title="bbox 437 1579 1169 1662">
     <span class='ocr_line' id='line_1_10' title="bbox 437 1579 1169 1662; baseline -0.003 -18"><span class='ocrx_word' id='word_1_75' title='bbox 437 1582 501 1646; x_wconf 73' lang='lat'><strong>387</strong></span> <span class='ocrx_word' id='word_1_76' title='bbox 526 1602 648 1662; x_wconf 68' lang='lat' dir='ltr'><strong>uespere</strong></span> <span class='ocrx_word' id='word_1_77' title='bbox 669 1586 697 1644; x_wconf 87' lang='lat' dir='ltr'><strong>et</strong></span> <span class='ocrx_word' id='word_1_78' title='bbox 718 1579 909 1644; x_wconf 86' lang='lat' dir='ltr'><strong>Duclmerus</strong></span> <span class='ocrx_word' id='word_1_79' title='bbox 934 1580 1033 1643; x_wconf 84' lang='lat' dir='ltr'><strong>deleri</strong></span> <span class='ocrx_word' id='word_1_80' title='bbox 1057 1579 1169 1644; x_wconf 74' lang='lat' dir='ltr'><strong>soluit.</strong></span> 
     </span>
    </p>

    <p class='ocr_par' dir='ltr' id='par_1_4' title="bbox 435 1683 1404 1770">
     <span class='ocr_line' id='line_1_11' title="bbox 435 1683 1404 1770; baseline 0 -22"><span class='ocrx_word' id='word_1_81' title='bbox 435 1689 495 1750; x_wconf 76' lang='lat'><strong>391</strong></span> <span class='ocrx_word' id='word_1_82' title='bbox 523 1687 597 1749; x_wconf 72' lang='lat' dir='ltr'><strong>heus</strong></span> <span class='ocrx_word' id='word_1_83' title='bbox 619 1711 658 1748; x_wconf 74' lang='lat' dir='ltr'><strong>«s.</strong></span> <span class='ocrx_word' id='word_1_84' title='bbox 681 1683 748 1770; x_wconf 68' lang='lat' dir='ltr'><strong>clear</strong></span> <span class='ocrx_word' id='word_1_85' title='bbox 772 1692 803 1749; x_wconf 81' lang='lat' dir='ltr'><strong>ta</strong></span> <span class='ocrx_word' id='word_1_86' title='bbox 826 1687 938 1769; x_wconf 63' lang='grc' dir='ltr'><em>Παφίη</em></span> <span class='ocrx_word' id='word_1_87' title='bbox 962 1686 1132 1770; x_wconf 88' lang='lat' dir='ltr'><strong>proposuit</strong></span> <span class='ocrx_word' id='word_1_88' title='bbox 1157 1684 1404 1749; x_wconf 76' lang='lat' dir='ltr'><strong>Studemundus</strong></span> 
     </span>
    </p>

    <p class='ocr_par' dir='ltr' id='par_1_5' title="bbox 343 1791 1494 2728">
     <span class='ocr_line' id='line_1_12' title="bbox 435 1791 1493 1884; baseline -0.002 -28"><span class='ocrx_word' id='word_1_89' title='bbox 435 1795 501 1857; x_wconf 71' lang='lat' dir='ltr'><strong>Illi»</strong></span> <span class='ocrx_word' id='word_1_90' title='bbox 524 1791 697 1856; x_wconf 86' lang='lat' dir='ltr'><strong>Librorum</strong></span> <span class='ocrx_word' id='word_1_91' title='bbox 721 1792 869 1876; x_wconf 74' lang='lat' dir='ltr'><strong>vestigiis</strong></span> <span class='ocrx_word' id='word_1_92' title='bbox 893 1793 947 1874; x_wconf 93' lang='lat' dir='ltr'><strong>qui</strong></span> <span class='ocrx_word' id='word_1_93' title='bbox 972 1793 1126 1884; x_wconf 75' lang='lat' dir='ltr'><strong>pressius</strong></span> <span class='ocrx_word' id='word_1_94' title='bbox 1140 1792 1288 1856; x_wconf 84' lang='lat' dir='ltr'><strong>insistere</strong></span> <span class='ocrx_word' id='word_1_95' title='bbox 1312 1791 1414 1872; x_wconf 81' lang='lat' dir='ltr'><strong>volet,</strong></span> <span class='ocrx_word' id='word_1_96' title='bbox 1443 1811 1493 1854; x_wconf 80' lang='lat' dir='ltr'><strong>es·</strong></span> 
     </span>
     <span class='ocr_line' id='line_1_13' title="bbox 343 1895 1490 1984; baseline -0.004 -20"><span class='ocrx_word' id='word_1_97' title='bbox 343 1904 451 1984; x_wconf 70' lang='lat' dir='ltr'><strong>ysicus</strong></span> <span class='ocrx_word' id='word_1_98' title='bbox 474 1901 534 1963; x_wconf 87' lang='lat' dir='ltr'><strong>sub</strong></span> <span class='ocrx_word' id='word_1_99' title='bbox 558 1901 615 1963; x_wconf 96' lang='lat' dir='ltr'><strong>illo</strong></span> <span class='ocrx_word' id='word_1_100' title='bbox 638 1904 775 1980; x_wconf 70' lang='lat' dir='ltr'><strong>rupertus</strong></span> <span class='ocrx_word' id='word_1_101' title='bbox 798 1899 898 1962; x_wconf 85' lang='lat' dir='ltr'><strong>latere</strong></span> <span class='ocrx_word' id='word_1_102' title='bbox 922 1900 1068 1963; x_wconf 83' lang='lat' dir='ltr'><strong>conicere</strong></span> <span class='ocrx_word' id='word_1_103' title='bbox 1092 1900 1220 1982; x_wconf 84' lang='lat' dir='ltr'><strong>poterit.</strong></span> <span class='ocrx_word' id='word_1_104' title='bbox 1267 1895 1349 1960; x_wconf 72' lang='lat' dir='ltr'><strong>t&#39;um</strong></span> <span class='ocrx_word' id='word_1_105' title='bbox 1374 1919 1402 1960; x_wconf 85' lang='lat' dir='ltr'><strong>r.</strong></span> <span class='ocrx_word' id='word_1_106' title='bbox 1425 1897 1490 1960; x_wconf 77' lang='lat'><strong>406</strong></span> 
     </span>
     <span class='ocr_line' id='line_1_14' title="bbox 345 2003 1492 2088; baseline -0.005 -16"><span class='ocrx_word' id='word_1_107' title='bbox 345 2009 441 2072; x_wconf 78' lang='lat' dir='ltr'><strong>oeulis</strong></span> <span class='ocrx_word' id='word_1_108' title='bbox 464 2058 493 2070; x_wconf 94' lang='lat'><strong>..</strong></span> <span class='ocrx_word' id='word_1_109' title='bbox 518 2007 656 2069; x_wconf 82' lang='lat' dir='ltr'><strong>incolant</strong></span> <span class='ocrx_word' id='word_1_110' title='bbox 678 2007 825 2069; x_wconf 73' lang='lat' dir='ltr'><strong>conteras</strong></span> <span class='ocrx_word' id='word_1_111' title='bbox 853 2005 967 2069; x_wconf 85' lang='lat' dir='ltr'><strong>Lucilii</strong></span> <span class='ocrx_word' id='word_1_112' title='bbox 992 2007 1077 2088; x_wconf 76' lang='lat' dir='ltr'><strong>apucl</strong></span> <span class='ocrx_word' id='word_1_113' title='bbox 1100 2005 1242 2070; x_wconf 77' lang='lat' dir='ltr'><strong>Nouium</strong></span> <span class='ocrx_word' id='word_1_114' title='bbox 1268 2027 1298 2087; x_wconf 95' lang='lat' dir='ltr'><strong>p.</strong></span> <span class='ocrx_word' id='word_1_115' title='bbox 1313 2003 1397 2084; x_wconf 77' lang='lat'>33,1</span> <span class='ocrx_word' id='word_1_116' title='bbox 1426 2027 1450 2068; x_wconf 85' lang='lat' dir='ltr'><strong>s.</strong></span> <span class='ocrx_word' id='word_1_117' title='bbox 1464 2025 1492 2066; x_wconf 80' lang='lat' dir='ltr'><strong>r.</strong></span> 
     </span>
     <span class='ocr_line' id='line_1_15' title="bbox 345 2109 1493 2195; baseline -0.003 -18"><span class='ocrx_word' id='word_1_118' title='bbox 345 2114 491 2177; x_wconf 82' lang='lat' dir='ltr'><strong>incolare</strong></span> <span class='ocrx_word' id='word_1_119' title='bbox 515 2117 678 2175; x_wconf 82' lang='lat' dir='ltr'><strong>serratum</strong></span> <span class='ocrx_word' id='word_1_120' title='bbox 703 2114 855 2194; x_wconf 74' lang='lat' dir='ltr'><strong>frustum,</strong></span> <span class='ocrx_word' id='word_1_121' title='bbox 879 2112 963 2195; x_wconf 86' lang='lat' dir='ltr'><strong>quod</strong></span> <span class='ocrx_word' id='word_1_122' title='bbox 989 2135 1061 2176; x_wconf 88' lang='lat' dir='ltr'><strong>cum</strong></span> <span class='ocrx_word' id='word_1_123' title='bbox 1086 2112 1163 2176; x_wconf 93' lang='lat' dir='ltr'><strong>olim</strong></span> <span class='ocrx_word' id='word_1_124' title='bbox 1188 2112 1234 2175; x_wconf 83' lang='lat' dir='ltr'><strong>sic-</strong></span> <span class='ocrx_word' id='word_1_125' title='bbox 1258 2109 1493 2192; x_wconf 84' lang='lat' dir='ltr'><strong>suppleverim:</strong></span> 
     </span>
     <span class='ocr_line' id='line_1_16' title="bbox 345 2217 1492 2300; baseline 0.001 -20"><span class='ocrx_word' id='word_1_126' title='bbox 345 2283 363 2290; x_wconf 62' lang='lat'><em>„</em></span> <span class='ocrx_word' id='word_1_127' title='bbox 377 2272 395 2290; x_wconf 65' lang='grc'>,</span> <span class='ocrx_word' id='word_1_128' title='bbox 409 2275 424 2288; x_wconf 75' lang='lat'><em>„</em></span> <span class='ocrx_word' id='word_1_129' title='bbox 450 2220 519 2281; x_wconf 69' lang='lat' dir='ltr'><strong>iao·</strong></span> <span class='ocrx_word' id='word_1_130' title='bbox 550 2220 662 2280; x_wconf 75' lang='lat' dir='ltr'><strong>errniuo</strong></span> <span class='ocrx_word' id='word_1_131' title='bbox 689 2219 751 2280; x_wconf 82' lang='lat' dir='ltr'><strong>rita</strong></span> <span class='ocrx_word' id='word_1_132' title='bbox 781 2219 910 2298; x_wconf 77' lang='lat' dir='ltr'><strong>[orique]</strong></span> <span class='ocrx_word' id='word_1_133' title='bbox 936 2220 1088 2300; x_wconf 73' lang='lat' dir='ltr'><strong>aecclisque</strong></span> <span class='ocrx_word' id='word_1_134' title='bbox 1108 2217 1119 2300; x_wconf 86' lang='grc' dir='ltr'><strong>ΙΙ</strong></span> <span class='ocrx_word' id='word_1_135' title='bbox 1142 2219 1284 2296; x_wconf 71' lang='lat' dir='ltr'><strong>larvalem,</strong></span> <span class='ocrx_word' id='word_1_136' title='bbox 1311 2239 1396 2281; x_wconf 89' lang='lat' dir='ltr'><strong>nunc</strong></span> <span class='ocrx_word' id='word_1_137' title='bbox 1420 2239 1492 2300; x_wconf 88' lang='lat' dir='ltr'><strong>pro·</strong></span> 
     </span>
     <span class='ocr_line' id='line_1_17' title="bbox 348 2324 1494 2406; baseline -0.003 -17"><span class='ocrx_word' id='word_1_138' title='bbox 348 2325 489 2389; x_wconf 86' lang='lat' dir='ltr'><strong>babilius</strong></span> <span class='ocrx_word' id='word_1_139' title='bbox 511 2325 610 2386; x_wconf 87' lang='lat' dir='ltr'><strong>inseri</strong></span> <span class='ocrx_word' id='word_1_140' title='bbox 627 2324 720 2388; x_wconf 82' lang='lat' dir='ltr'><strong>rideo</strong></span> <span class='ocrx_word' id='word_1_141' title='bbox 742 2327 792 2387; x_wconf 84' lang='lat' dir='ltr'><strong>ori</strong></span> <span class='ocrx_word' id='word_1_142' title='bbox 814 2325 899 2388; x_wconf 83' lang='lat' dir='ltr'><strong>int-cr</strong></span> <span class='ocrx_word' id='word_1_143' title='bbox 921 2327 1034 2388; x_wconf 77' lang='lat' dir='ltr'><strong>rouiuo</strong></span> <span class='ocrx_word' id='word_1_144' title='bbox 1053 2332 1084 2389; x_wconf 87' lang='lat' dir='ltr'><strong>et</strong></span> <span class='ocrx_word' id='word_1_145' title='bbox 1099 2327 1170 2402; x_wconf 73' lang='lat' dir='ltr'><strong>salu,</strong></span> <span class='ocrx_word' id='word_1_146' title='bbox 1195 2325 1268 2388; x_wconf 86' lang='lat' dir='ltr'><strong>addi</strong></span> <span class='ocrx_word' id='word_1_147' title='bbox 1284 2328 1393 2387; x_wconf 84' lang='lat' dir='ltr'><strong>autem</strong></span> <span class='ocrx_word' id='word_1_148' title='bbox 1417 2327 1494 2406; x_wconf 85' lang='lat' dir='ltr'><strong>post</strong></span> 
     </span>
     <span class='ocr_line' id='line_1_18' title="bbox 343 2429 1493 2513; baseline -0.002 -19"><span class='ocrx_word' id='word_1_149' title='bbox 343 2435 407 2496; x_wconf 76' lang='lat' dir='ltr'><strong>au&#39;tu</strong></span> <span class='ocrx_word' id='word_1_150' title='bbox 427 2430 691 2512; x_wconf 82' lang='lat' dir='ltr'><strong>monosyllabum</strong></span> <span class='ocrx_word' id='word_1_151' title='bbox 712 2430 853 2513; x_wconf 81' lang='lat' dir='ltr'><strong>aliquod,</strong></span> <span class='ocrx_word' id='word_1_152' title='bbox 876 2431 1017 2496; x_wconf 85' lang='lat' dir='ltr'><strong>fortasse</strong></span> <span class='ocrx_word' id='word_1_153' title='bbox 1036 2433 1098 2508; x_wconf 77' lang='lat' dir='ltr'><strong>ollr&#39;,</strong></span> <span class='ocrx_word' id='word_1_154' title='bbox 1123 2439 1157 2494; x_wconf 93' lang='lat' dir='ltr'><strong>ut</strong></span> <span class='ocrx_word' id='word_1_155' title='bbox 1179 2429 1276 2493; x_wconf 81' lang='lat' dir='ltr'><strong>l&#39;rusti</strong></span> <span class='ocrx_word' id='word_1_156' title='bbox 1296 2429 1403 2494; x_wconf 78' lang='lat' dir='ltr'><strong>forma</strong></span> <span class='ocrx_word' id='word_1_157' title='bbox 1417 2429 1493 2492; x_wconf 82' lang='lat' dir='ltr'><strong>talis</strong></span> 
     </span>
     <span class='ocr_line' id='line_1_19' title="bbox 345 2535 1493 2618; baseline -0.003 -16"><span class='ocrx_word' id='word_1_158' title='bbox 345 2539 475 2603; x_wconf 84' lang='lat' dir='ltr'><strong>evadat:</strong></span> <span class='ocrx_word' id='word_1_159' title='bbox 498 2596 526 2607; x_wconf 83' lang='lat'>-</span> <span class='ocrx_word' id='word_1_160' title='bbox 537 2594 555 2609; x_wconf 52' lang='grc' dir='ltr'>ν</span> <span class='ocrx_word' id='word_1_161' title='bbox 568 2595 585 2609; x_wconf 69' lang='grc'>,</span> <span class='ocrx_word' id='word_1_162' title='bbox 609 2538 804 2601; x_wconf 63' lang='lat' dir='ltr'><strong>indecorius</strong></span> <span class='ocrx_word' id='word_1_163' title='bbox 818 2539 867 2600; x_wconf 78' lang='lat' dir='ltr'><strong>ori</strong></span> <span class='ocrx_word' id='word_1_164' title='bbox 881 2541 943 2601; x_wconf 76' lang='lat' dir='ltr'><strong>rc&#39;tu</strong></span> <span class='ocrx_word' id='word_1_165' title='bbox 958 2539 1013 2602; x_wconf 81' lang='lat' dir='ltr'><strong>olli</strong></span> <span class='ocrx_word' id='word_1_166' title='bbox 1027 2539 1178 2618; x_wconf 72' lang='lat' dir='ltr'><strong>aridisque</strong></span> <span class='ocrx_word' id='word_1_167' title='bbox 1191 2538 1220 2600; x_wconf 87' lang='lat' dir='ltr'><strong>I.</strong></span> <span class='ocrx_word' id='word_1_168' title='bbox 1244 2535 1375 2600; x_wconf 78' lang='lat' dir='ltr'><strong>Afranii</strong></span> <span class='ocrx_word' id='word_1_169' title='bbox 1387 2535 1493 2600; x_wconf 84' lang='lat' dir='ltr'><strong>nostri</strong></span> 
     </span>
     <span class='ocr_line' id='line_1_20' title="bbox 347 2641 1492 2728; baseline -0.003 -19"><span class='ocrx_word' id='word_1_170' title='bbox 347 2647 532 2728; x_wconf 82' lang='lat' dir='ltr'><strong>versiculos,</strong></span> <span class='ocrx_word' id='word_1_171' title='bbox 555 2643 973 2728; x_wconf 82' lang='lat' dir='ltr'><strong>priusquarrrlos.Klei11ii</strong></span> <span class='ocrx_word' id='word_1_172' title='bbox 996 2645 1194 2708; x_wconf 79' lang='lat' dir='ltr'><strong>liberaliIute</strong></span> <span class='ocrx_word' id='word_1_173' title='bbox 1210 2643 1357 2708; x_wconf 85' lang='lat' dir='ltr'><strong>codicum</strong></span> <span class='ocrx_word' id='word_1_174' title='bbox 1380 2641 1492 2706; x_wconf 86' lang='lat' dir='ltr'><strong>lectio·</strong></span> 
     </span>
    </p>
   </div>
   <div class='ocr_carea' id='block_1_3' title="bbox 343 2749 1494 2838">
    <p class='ocr_par' dir='ltr' id='par_1_6' title="bbox 343 2749 1494 2838">
     <span class='ocr_line' id='line_1_21' title="bbox 343 2749 1494 2838; baseline -0.003 -22"><span class='ocrx_word' id='word_1_175' title='bbox 343 2775 401 2816; x_wconf 89' lang='lat' dir='ltr'><strong>nes</strong></span> <span class='ocrx_word' id='word_1_176' title='bbox 426 2751 638 2835; x_wconf 72' lang='lat' dir='ltr'><strong>accepissem,</strong></span> <span class='ocrx_word' id='word_1_177' title='bbox 667 2751 713 2814; x_wconf 86' lang='lat' dir='ltr'><strong>sie</strong></span> <span class='ocrx_word' id='word_1_178' title='bbox 737 2751 878 2815; x_wconf 90' lang='lat' dir='ltr'><strong>scribere</strong></span> <span class='ocrx_word' id='word_1_179' title='bbox 901 2751 1133 2838; x_wconf 67' lang='lat' dir='ltr'><strong>institueram</strong></span> <span class='ocrx_word' id='word_1_180' title='bbox 1151 2771 1220 2814; x_wconf 78' lang='lat' dir='ltr'><strong>ram</strong></span> <span class='ocrx_word' id='word_1_181' title='bbox 1243 2750 1360 2831; x_wconf 69' lang='lat' dir='ltr'><strong>spectas</strong></span> <span class='ocrx_word' id='word_1_182' title='bbox 1381 2749 1426 2812; x_wconf 79' lang='lat' dir='ltr'><strong>ad</strong></span> <span class='ocrx_word' id='word_1_183' title='bbox 1447 2769 1494 2812; x_wconf 80' lang='lat' dir='ltr'><strong>me</strong></span> 
     </span>
    </p>
   </div>
   <div class='ocr_carea' id='block_1_4' title="bbox 343 2855 1495 4640">
    <p class='ocr_par' dir='ltr' id='par_1_7' title="bbox 343 2855 1493 3260">
     <span class='ocr_line' id='line_1_22' title="bbox 343 2855 1493 2939; baseline -0.003 -17"><span class='ocrx_word' id='word_1_184' title='bbox 343 2859 540 2938; x_wconf 63' lang='lat' dir='ltr'><strong>subactumque</strong></span> <span class='ocrx_word' id='word_1_185' title='bbox 563 2857 683 2937; x_wconf 70' lang='lat' dir='ltr'><strong>incipis,</strong></span> <span class='ocrx_word' id='word_1_186' title='bbox 705 2857 760 2920; x_wconf 77' lang='lat' dir='ltr'><strong>Es·</strong></span> <span class='ocrx_word' id='word_1_187' title='bbox 782 2856 833 2920; x_wconf 86' lang='lat' dir='ltr'><strong>o&#39;ro</strong></span> <span class='ocrx_word' id='word_1_188' title='bbox 855 2859 888 2920; x_wconf 80' lang='lat' dir='ltr'><strong>a&#39;n</strong></span> <span class='ocrx_word' id='word_1_189' title='bbox 912 2858 1013 2922; x_wconf 82' lang='lat' dir='ltr'><strong>oculos</strong></span> <span class='ocrx_word' id='word_1_190' title='bbox 1036 2859 1090 2922; x_wconf 78' lang='lat' dir='ltr'><strong>tuo</strong></span> <span class='ocrx_word' id='word_1_191' title='bbox 1110 2858 1135 2922; x_wconf 78' lang='lat' dir='ltr'><strong>b.</strong></span> <span class='ocrx_word' id='word_1_192' title='bbox 1159 2859 1192 2932; x_wconf 83' lang='lat' dir='ltr'><strong>i.,</strong></span> <span class='ocrx_word' id='word_1_193' title='bbox 1217 2855 1391 2939; x_wconf 86' lang='lat' dir='ltr'><strong>eademque</strong></span> <span class='ocrx_word' id='word_1_194' title='bbox 1415 2855 1493 2938; x_wconf 84' lang='lat' dir='ltr'><strong>fere,</strong></span> 
     </span>
     <span class='ocr_line' id='line_1_23' title="bbox 344 2961 1493 3046; baseline -0.004 -18"><span class='ocrx_word' id='word_1_195' title='bbox 344 2965 408 3028; x_wconf 83' lang='lat' dir='ltr'><strong>nisi</strong></span> <span class='ocrx_word' id='word_1_196' title='bbox 431 2965 516 3046; x_wconf 76' lang='lat' dir='ltr'><strong>quocl</strong></span> <span class='ocrx_word' id='word_1_197' title='bbox 540 2964 573 3026; x_wconf 90' lang='lat' dir='ltr'><strong>in</strong></span> <span class='ocrx_word' id='word_1_198' title='bbox 599 2963 702 3026; x_wconf 90' lang='lat' dir='ltr'><strong>altero</strong></span> <span class='ocrx_word' id='word_1_199' title='bbox 727 2984 820 3026; x_wconf 80' lang='lat' dir='ltr'><strong>versu</strong></span> <span class='ocrx_word' id='word_1_200' title='bbox 842 2985 880 3028; x_wconf 76' lang='lat' dir='ltr'><strong>ea</strong></span> <span class='ocrx_word' id='word_1_201' title='bbox 902 2985 954 3028; x_wconf 83' lang='lat' dir='ltr'><strong>ore</strong></span> <span class='ocrx_word' id='word_1_202' title='bbox 976 2969 1005 3026; x_wconf 87' lang='lat' dir='ltr'><strong>ct</strong></span> <span class='ocrx_word' id='word_1_203' title='bbox 1026 2964 1121 3027; x_wconf 82' lang='lat' dir='ltr'><strong>oculis</strong></span> <span class='ocrx_word' id='word_1_204' title='bbox 1144 2964 1205 3026; x_wconf 78' lang='lat' dir='ltr'><strong>tuis·</strong></span> <span class='ocrx_word' id='word_1_205' title='bbox 1232 2961 1353 3024; x_wconf 79' lang='lat' dir='ltr'><strong>bibones</strong></span> <span class='ocrx_word' id='word_1_206' title='bbox 1376 2963 1422 3024; x_wconf 84' lang='lat' dir='ltr'><strong>mi</strong></span> <span class='ocrx_word' id='word_1_207' title='bbox 1444 2963 1493 3024; x_wconf 78' lang='lat' dir='ltr'><strong>in-</strong></span> 
     </span>
     <span class='ocr_line' id='line_1_24' title="bbox 345 3066 1493 3154; baseline -0.003 -21"><span class='ocrx_word' id='word_1_208' title='bbox 345 3069 448 3133; x_wconf 79' lang='lat' dir='ltr'><strong>colant</strong></span> <span class='ocrx_word' id='word_1_209' title='bbox 476 3070 695 3150; x_wconf 81' lang='lat' dir='ltr'><strong>commendat,</strong></span> <span class='ocrx_word' id='word_1_210' title='bbox 721 3091 806 3133; x_wconf 90' lang='lat' dir='ltr'><strong>nune</strong></span> <span class='ocrx_word' id='word_1_211' title='bbox 835 3093 961 3154; x_wconf 86' lang='lat' dir='ltr'><strong>quoque</strong></span> <span class='ocrx_word' id='word_1_212' title='bbox 994 3070 1122 3152; x_wconf 75' lang='lat' dir='ltr'><strong>placent</strong></span> <span class='ocrx_word' id='word_1_213' title='bbox 1152 3066 1365 3150; x_wconf 73' lang='lat' dir='ltr'><strong>succ-uelem,</strong></span> <span class='ocrx_word' id='word_1_214' title='bbox 1396 3071 1493 3150; x_wconf 84' lang='lat' dir='ltr'><strong>atque</strong></span> 
     </span>
     <span class='ocr_line' id='line_1_25' title="bbox 345 3174 1160 3260; baseline 0 -22"><span class='ocrx_word' id='word_1_215' title='bbox 345 3175 423 3238; x_wconf 89' lang='lat' dir='ltr'><strong>olim</strong></span> <span class='ocrx_word' id='word_1_216' title='bbox 447 3174 638 3237; x_wconf 82' lang='lat' dir='ltr'><strong>Duebnerus</strong></span> <span class='ocrx_word' id='word_1_217' title='bbox 662 3175 759 3257; x_wconf 86' lang='lat' dir='ltr'><strong>plane</strong></span> <span class='ocrx_word' id='word_1_218' title='bbox 782 3176 913 3260; x_wconf 79' lang='lat' dir='ltr'><strong>gemina</strong></span> <span class='ocrx_word' id='word_1_219' title='bbox 936 3182 1160 3258; x_wconf 80' lang='lat' dir='ltr'><strong>proposuerat.</strong></span> 
     </span>
    </p>

    <p class='ocr_par' dir='ltr' id='par_1_8' title="bbox 344 3279 1495 3450">
     <span class='ocr_line' id='line_1_26' title="bbox 433 3279 1495 3363; baseline 0.003 -20"><span class='ocrx_word' id='word_1_220' title='bbox 433 3281 498 3343; x_wconf 78' lang='lat'><strong>413</strong></span> <span class='ocrx_word' id='word_1_221' title='bbox 521 3281 567 3344; x_wconf 82' lang='lat' dir='ltr'><strong>Et</strong></span> <span class='ocrx_word' id='word_1_222' title='bbox 578 3282 740 3363; x_wconf 74' lang='lat' dir='ltr'><strong>palpatum</strong></span> <span class='ocrx_word' id='word_1_223' title='bbox 757 3283 828 3346; x_wconf 83' lang='lat' dir='ltr'><strong>lecto</strong></span> <span class='ocrx_word' id='word_1_224' title='bbox 845 3282 939 3363; x_wconf 78' lang='lat' dir='ltr'><strong>pellis</strong></span> <span class='ocrx_word' id='word_1_225' title='bbox 961 3283 1079 3346; x_wconf 71' lang='lat' dir='ltr'><strong>‹lirarr&#39;tte</strong></span> <span class='ocrx_word' id='word_1_226' title='bbox 1091 3302 1118 3345; x_wconf 89' lang='lat' dir='ltr'><strong>o.</strong></span> <span class='ocrx_word' id='word_1_227' title='bbox 1142 3281 1303 3344; x_wconf 85' lang='lat' dir='ltr'><strong>senarium</strong></span> <span class='ocrx_word' id='word_1_228' title='bbox 1318 3281 1421 3346; x_wconf 87' lang='lat' dir='ltr'><strong>tradit</strong></span> <span class='ocrx_word' id='word_1_229' title='bbox 1434 3279 1495 3346; x_wconf 86' lang='lat' dir='ltr'><strong>Ed.</strong></span> 
     </span>
     <span class='ocr_line' id='line_1_27' title="bbox 344 3385 709 3450; baseline 0.003 -1"><span class='ocrx_word' id='word_1_230' title='bbox 344 3385 467 3450; x_wconf 86' lang='lat' dir='ltr'><strong>Becker</strong></span> <span class='ocrx_word' id='word_1_231' title='bbox 490 3387 573 3450; x_wconf 87' lang='lat' dir='ltr'><strong>stud.</strong></span> <span class='ocrx_word' id='word_1_232' title='bbox 596 3386 611 3450; x_wconf 94' lang='lat' dir='ltr'><strong>l</strong></span> <span class='ocrx_word' id='word_1_233' title='bbox 635 3387 709 3450; x_wconf 83' lang='lat'><strong>300.</strong></span> 
     </span>
    </p>

    <p class='ocr_par' dir='ltr' id='par_1_9' title="bbox 344 3493 1495 4002">
     <span class='ocr_line' id='line_1_28' title="bbox 434 3493 1495 3580; baseline 0.004 -25"><span class='ocrx_word' id='word_1_234' title='bbox 434 3494 499 3557; x_wconf 70' lang='lat'><strong>425</strong></span> <span class='ocrx_word' id='word_1_235' title='bbox 522 3493 718 3557; x_wconf 74' lang='lat' dir='ltr'><strong>Medic-aster</strong></span> <span class='ocrx_word' id='word_1_236' title='bbox 737 3499 840 3558; x_wconf 75' lang='lat' dir='ltr'><strong>artem</strong></span> <span class='ocrx_word' id='word_1_237' title='bbox 861 3517 955 3559; x_wconf 88' lang='lat' dir='ltr'><strong>suam</strong></span> <span class='ocrx_word' id='word_1_238' title='bbox 969 3495 1139 3558; x_wconf 80' lang='lat' dir='ltr'><strong>venditans</strong></span> <span class='ocrx_word' id='word_1_239' title='bbox 1159 3515 1279 3580; x_wconf 84' lang='lat' dir='ltr'><strong>genera</strong></span> <span class='ocrx_word' id='word_1_240' title='bbox 1293 3493 1495 3576; x_wconf 89' lang='lat' dir='ltr'><strong>morborum,</strong></span> 
     </span>
     <span class='ocr_line' id='line_1_29' title="bbox 344 3599 1493 3686; baseline 0.002 -24"><span class='ocrx_word' id='word_1_241' title='bbox 344 3621 426 3682; x_wconf 84' lang='lat' dir='ltr'><strong>quae</strong></span> <span class='ocrx_word' id='word_1_242' title='bbox 451 3603 550 3682; x_wconf 82' lang='lat' dir='ltr'><strong>curet,</strong></span> <span class='ocrx_word' id='word_1_243' title='bbox 573 3607 751 3677; x_wconf 83' lang='lat' dir='ltr'><strong>enrmrerat,</strong></span> <span class='ocrx_word' id='word_1_244' title='bbox 774 3601 870 3685; x_wconf 89' lang='lat' dir='ltr'><strong>idque</strong></span> <span class='ocrx_word' id='word_1_245' title='bbox 893 3601 1001 3683; x_wconf 84' lang='lat' dir='ltr'><strong>ipsum</strong></span> <span class='ocrx_word' id='word_1_246' title='bbox 1026 3606 1058 3664; x_wconf 82' lang='lat' dir='ltr'><strong>et</strong></span> <span class='ocrx_word' id='word_1_247' title='bbox 1079 3599 1169 3664; x_wconf 78' lang='lat' dir='ltr'><strong>Festi</strong></span> <span class='ocrx_word' id='word_1_248' title='bbox 1197 3601 1365 3665; x_wconf 82' lang='lat' dir='ltr'><strong>notatione</strong></span> <span class='ocrx_word' id='word_1_249' title='bbox 1389 3599 1493 3686; x_wconf 81' lang='lat' dir='ltr'><strong>signi·</strong></span> 
     </span>
     <span class='ocr_line' id='line_1_30' title="bbox 344 3706 1493 3792; baseline 0.003 -24"><span class='ocrx_word' id='word_1_250' title='bbox 344 3709 459 3769; x_wconf 87' lang='lat' dir='ltr'><strong>ticatur</strong></span> <span class='ocrx_word' id='word_1_251' title='bbox 473 3711 506 3768; x_wconf 86' lang='lat' dir='ltr'><strong>et</strong></span> <span class='ocrx_word' id='word_1_252' title='bbox 520 3710 664 3770; x_wconf 88' lang='lat' dir='ltr'><strong>extremo</strong></span> <span class='ocrx_word' id='word_1_253' title='bbox 689 3707 858 3790; x_wconf 76' lang='lat' dir='ltr'><strong>vertiginis</strong></span> <span class='ocrx_word' id='word_1_254' title='bbox 872 3708 1003 3771; x_wconf 87' lang='lat' dir='ltr'><strong>nominc</strong></span> <span class='ocrx_word' id='word_1_255' title='bbox 1018 3707 1189 3791; x_wconf 86' lang='lat' dir='ltr'><strong>probatur:</strong></span> <span class='ocrx_word' id='word_1_256' title='bbox 1214 3706 1362 3771; x_wconf 88' lang='lat' dir='ltr'><strong>homines</strong></span> <span class='ocrx_word' id='word_1_257' title='bbox 1378 3727 1493 3792; x_wconf 83' lang='lat' dir='ltr'><strong>aegro·</strong></span> 
     </span>
     <span class='ocr_line' id='line_1_31' title="bbox 344 3811 1494 3896; baseline 0.004 -24"><span class='ocrx_word' id='word_1_258' title='bbox 344 3817 450 3874; x_wconf 81' lang='lat' dir='ltr'><strong>tantes</strong></span> <span class='ocrx_word' id='word_1_259' title='bbox 475 3813 501 3874; x_wconf 86' lang='lat' dir='ltr'><strong>si</strong></span> <span class='ocrx_word' id='word_1_260' title='bbox 525 3812 709 3895; x_wconf 85' lang='lat' dir='ltr'><strong>participiis</strong></span> <span class='ocrx_word' id='word_1_261' title='bbox 732 3818 829 3896; x_wconf 86' lang='lat' dir='ltr'><strong>poeta</strong></span> <span class='ocrx_word' id='word_1_262' title='bbox 853 3813 1034 3876; x_wconf 87' lang='lat' dir='ltr'><strong>describere</strong></span> <span class='ocrx_word' id='word_1_263' title='bbox 1051 3813 1217 3894; x_wconf 84' lang='lat' dir='ltr'><strong>voluisset,</strong></span> <span class='ocrx_word' id='word_1_264' title='bbox 1239 3835 1305 3877; x_wconf 93' lang='lat' dir='ltr'><strong>uon</strong></span> <span class='ocrx_word' id='word_1_265' title='bbox 1328 3811 1494 3896; x_wconf 77' lang='lat' dir='ltr'><strong>‘arquato&#39;</strong></span> 
     </span>
     <span class='ocr_line' id='line_1_32' title="bbox 344 3915 1348 4002; baseline 0.004 -24"><span class='ocrx_word' id='word_1_266' title='bbox 344 3921 377 3978; x_wconf 90' lang='lat' dir='ltr'><strong>ct</strong></span> <span class='ocrx_word' id='word_1_267' title='bbox 400 3915 540 4000; x_wconf 78' lang='lat' dir='ltr'><strong>‘solato&#39;,</strong></span> <span class='ocrx_word' id='word_1_268' title='bbox 564 3917 619 3980; x_wconf 87' lang='lat' dir='ltr'><strong>sed</strong></span> <span class='ocrx_word' id='word_1_269' title='bbox 643 3918 786 4002; x_wconf 84' lang='lat' dir='ltr'><strong>plurales</strong></span> <span class='ocrx_word' id='word_1_270' title='bbox 811 3917 990 4001; x_wconf 80' lang='lat' dir='ltr'><strong>‘arquatis’,</strong></span> <span class='ocrx_word' id='word_1_271' title='bbox 1014 3917 1153 3983; x_wconf 83' lang='lat' dir='ltr'><strong>‘solatis’</strong></span> <span class='ocrx_word' id='word_1_272' title='bbox 1176 3919 1348 4001; x_wconf 73' lang='lat' dir='ltr'><strong>posuisset</strong></span> 
     </span>
    </p>

    <p class='ocr_par' dir='ltr' id='par_1_10' title="bbox 343 4023 1495 4424">
     <span class='ocr_line' id='line_1_33' title="bbox 432 4023 1494 4090; baseline 0.003 -4"><span class='ocrx_word' id='word_1_273' title='bbox 432 4023 483 4086; x_wconf 79' lang='lat' dir='ltr'><strong>Ad</strong></span> <span class='ocrx_word' id='word_1_274' title='bbox 510 4024 571 4088; x_wconf 88' lang='lat' dir='ltr'><strong>inc.</strong></span> <span class='ocrx_word' id='word_1_275' title='bbox 599 4023 638 4088; x_wconf 80' lang='lat' dir='ltr'><strong>fr.</strong></span> <span class='ocrx_word' id='word_1_276' title='bbox 661 4023 786 4088; x_wconf 71' lang='lat' dir='ltr'><strong>xxvll</strong></span> <span class='ocrx_word' id='word_1_277' title='bbox 814 4025 849 4088; x_wconf 91' lang='lat' dir='ltr'><strong>iu</strong></span> <span class='ocrx_word' id='word_1_278' title='bbox 877 4024 973 4088; x_wconf 81' lang='lat' dir='ltr'><strong>Marii</strong></span> <span class='ocrx_word' id='word_1_279' title='bbox 1005 4024 1165 4089; x_wconf 80' lang='lat' dir='ltr'><strong>Victorini</strong></span> <span class='ocrx_word' id='word_1_280' title='bbox 1193 4025 1302 4088; x_wconf 83' lang='lat' dir='ltr'><strong>serbis</strong></span> <span class='ocrx_word' id='word_1_281' title='bbox 1332 4025 1494 4090; x_wconf 88' lang='lat' dir='ltr'><strong>librorum</strong></span> 
     </span>
     <span class='ocr_line' id='line_1_34' title="bbox 343 4127 1495 4216; baseline 0.004 -25"><span class='ocrx_word' id='word_1_282' title='bbox 343 4127 483 4192; x_wconf 86' lang='lat' dir='ltr'><strong>Parisiui</strong></span> <span class='ocrx_word' id='word_1_283' title='bbox 513 4133 545 4192; x_wconf 90' lang='lat' dir='ltr'><strong>et</strong></span> <span class='ocrx_word' id='word_1_284' title='bbox 573 4129 713 4195; x_wconf 83' lang='lat' dir='ltr'><strong>Palatini</strong></span> <span class='ocrx_word' id='word_1_285' title='bbox 743 4129 840 4216; x_wconf 67' lang='lat' dir='ltr'><strong>(AB)</strong></span> <span class='ocrx_word' id='word_1_286' title='bbox 868 4131 1063 4213; x_wconf 85' lang='lat' dir='ltr'><strong>scripturam</strong></span> <span class='ocrx_word' id='word_1_287' title='bbox 1096 4131 1245 4195; x_wconf 64' lang='lat' dir='ltr'><strong>‹terro-oas-</strong></span> <span class='ocrx_word' id='word_1_288' title='bbox 1277 4153 1387 4195; x_wconf 82' lang='lat' dir='ltr'><strong>veram</strong></span> <span class='ocrx_word' id='word_1_289' title='bbox 1421 4155 1495 4196; x_wconf 84' lang='lat' dir='ltr'><strong>esse</strong></span> 
     </span>
     <span class='ocr_line' id='line_1_35' title="bbox 343 4234 1494 4322; baseline 0.004 -25"><span class='ocrx_word' id='word_1_290' title='bbox 343 4234 424 4298; x_wconf 82' lang='lat' dir='ltr'><strong>milri</strong></span> <span class='ocrx_word' id='word_1_291' title='bbox 452 4237 613 4317; x_wconf 84' lang='lat' dir='ltr'><strong>persuasit</strong></span> <span class='ocrx_word' id='word_1_292' title='bbox 641 4235 797 4300; x_wconf 84' lang='lat' dir='ltr'><strong>Daiatzko</strong></span> <span class='ocrx_word' id='word_1_293' title='bbox 826 4258 905 4299; x_wconf 88' lang='lat' dir='ltr'><strong>mus.</strong></span> <span class='ocrx_word' id='word_1_294' title='bbox 933 4235 1035 4299; x_wconf 82' lang='lat' dir='ltr'><strong>Rhea.</strong></span> <span class='ocrx_word' id='word_1_295' title='bbox 1064 4235 1171 4300; x_wconf 76' lang='lat' dir='ltr'>XXVI</span> <span class='ocrx_word' id='word_1_296' title='bbox 1201 4237 1242 4300; x_wconf 69' lang='lat'><strong>91</strong></span> <span class='ocrx_word' id='word_1_297' title='bbox 1273 4259 1340 4322; x_wconf 86' lang='lat' dir='ltr'><strong>sqq.</strong></span> <span class='ocrx_word' id='word_1_298' title='bbox 1371 4239 1494 4302; x_wconf 81' lang='lat' dir='ltr'><strong>uunall.</strong></span> 
     </span>
     <span class='ocr_line' id='line_1_36' title="bbox 343 4341 649 4424; baseline 0.007 -22"><span class='ocrx_word' id='word_1_299' title='bbox 343 4341 468 4422; x_wconf 90' lang='lat' dir='ltr'><strong>philoll.</strong></span> <span class='ocrx_word' id='word_1_300' title='bbox 492 4343 557 4404; x_wconf 77' lang='lat'><strong>819</strong></span> <span class='ocrx_word' id='word_1_301' title='bbox 581 4363 649 4424; x_wconf 86' lang='lat' dir='ltr'><strong>sqq.</strong></span> 
     </span>
    </p>

    <p class='ocr_par' dir='ltr' id='par_1_11' title="bbox 343 4443 1494 4640">
     <span class='ocr_line' id='line_1_37' title="bbox 432 4443 1494 4540; baseline 0.008 -32"><span class='ocrx_word' id='word_1_302' title='bbox 432 4446 584 4510; x_wconf 87' lang='lat' dir='ltr'><strong>Petronio</strong></span> <span class='ocrx_word' id='word_1_303' title='bbox 612 4443 695 4528; x_wconf 78' lang='lat' dir='ltr'><strong>(cap.</strong></span> <span class='ocrx_word' id='word_1_304' title='bbox 719 4447 777 4534; x_wconf 74' lang='lat'><strong>41)</strong></span> <span class='ocrx_word' id='word_1_305' title='bbox 804 4449 1039 4514; x_wconf 81' lang='lat' dir='ltr'><strong>Bucelrelerum</strong></span> <span class='ocrx_word' id='word_1_306' title='bbox 1069 4447 1121 4534; x_wconf 80' lang='lat' dir='ltr'><strong>(cf.</strong></span> <span class='ocrx_word' id='word_1_307' title='bbox 1151 4451 1219 4514; x_wconf 87' lang='lat' dir='ltr'><strong>eius</strong></span> <span class='ocrx_word' id='word_1_308' title='bbox 1247 4451 1349 4533; x_wconf 83' lang='lat' dir='ltr'><strong>praef.</strong></span> <span class='ocrx_word' id='word_1_309' title='bbox 1373 4475 1403 4536; x_wconf 91' lang='lat' dir='ltr'><strong>p.</strong></span> <span class='ocrx_word' id='word_1_310' title='bbox 1427 4451 1494 4540; x_wconf 80' lang='lat' dir='ltr'>III)</span> 
     </span>
     <span class='ocr_line' id='line_1_38' title="bbox 343 4549 1494 4640; baseline 0.014 -32"><span class='ocrx_word' id='word_1_311' title='bbox 343 4559 374 4612; x_wconf 81' lang='lat' dir='ltr'><strong>et</strong></span> <span class='ocrx_word' id='word_1_312' title='bbox 403 4551 576 4636; x_wconf 79' lang='lat' dir='ltr'><strong>Hagcnum</strong></span> <span class='ocrx_word' id='word_1_313' title='bbox 605 4549 653 4636; x_wconf 68' lang='lat' dir='ltr'><strong>q&#39;p.</strong></span> <span class='ocrx_word' id='word_1_314' title='bbox 679 4553 761 4640; x_wconf 71' lang='lat'><strong>723)</strong></span> <span class='ocrx_word' id='word_1_315' title='bbox 788 4559 918 4618; x_wconf 89' lang='lat' dir='ltr'><strong>secutus</strong></span> <span class='ocrx_word' id='word_1_316' title='bbox 946 4556 1062 4640; x_wconf 87' lang='lat' dir='ltr'><strong>reliqui</strong></span> <span class='ocrx_word' id='word_1_317' title='bbox 1086 4555 1284 4622; x_wconf 83' lang='lat' dir='ltr'><strong>scholiastae</strong></span> <span class='ocrx_word' id='word_1_318' title='bbox 1313 4557 1494 4624; x_wconf 83' lang='lat' dir='ltr'><strong>Beruensis</strong></span> 
     </span>
    </p>
   </div>
   <div class='ocr_carea' id='block_1_5' title="bbox 0 0 1846 5734">
    <p class='ocr_par' dir='ltr' id='par_1_12' title="bbox 0 0 1846 5734">
     <span class='ocr_line' id='line_1_39' title="bbox 0 0 1846 5734; baseline 0 0"><span class='ocrx_word' id='word_1_319' title='bbox 0 0 1846 5734; x_wconf 95' lang='lat' dir='ltr'><strong> </strong></span> 
     </span>
    </p>
   </div>
  </div>
 </body>
</html>
