3684 5734
343 577 459 632 LXXVI
784 573 1048 630 COROLLARIVII

343 763 369 804 e.
392 763 422 824 q.
446 763 485 820 s,
512 741 576 803 nisi
605 761 739 804 caesura
766 743 841 803 ante
867 738 1028 820 explodam
1051 737 1254 802 octonarium
1284 735 1489 800 trochaicum

343 848 509 912 suasisset

430 954 496 1018 328
521 975 566 1036 sq.
598 951 648 1016 De
676 951 862 1036 anapaestis
895 953 1100 1017 consentiens
1127 950 1346 1016 Buechelerus
1379 952 1491 1014 tamen

344 1060 378 1123 iu
401 1058 635 1124 constituendis
658 1059 801 1124 numeris
824 1061 858 1122 et
871 1059 980 1123 verbis
997 1057 1134 1122 discedit
1156 1079 1176 1120 a
1199 1079 1271 1121 mea
1294 1057 1491 1122 coniectum

343 1187 419 1230 nam
444 1166 557 1232 autin
580 1165 661 1229 duos
683 1166 884 1248 septenarios
907 1166 964 1248 sic,
986 1165 1021 1229 ni
1044 1164 1150 1246 fallor,
1173 1163 1325 1228 distribui

543 1294 595 1338 eos
619 1272 731 1354 petbus
752 1275 866 1338 cordict
888 1272 972 1336 introi
996 1271 1132 1336 leonicum
1155 1291 1267 1335 orarius
1290 1270 1388 1346 ladon,

448 1381 556 1444 dextro
578 1381 614 1443 la
630 1399 749 1461 pensem
769 1380 843 1444 erile

347 1489 405 1548 aut
428 1508 491 1549 uno
516 1509 611 1550 versu
634 1487 681 1552 sic
704 1487 845 1550 coerceri
868 1487 960 1550 iubet

434 1614 486 1658 cos
514 1593 625 1676 qulbus
654 1594 767 1658 cordist
797 1593 880 1659 introi
909 1594 1047 1658 lieri-icam
1075 1612 1187 1656 ouantes
1217 1591 1316 1668 loeium
1345 1591 1431 1656 oltra
1458 1591 1494 1654 io

979 1720 1095 1782 pentcm
1117 1700 1198 1764 ealle.

348 1804 439 1870 Ferri
462 1807 592 1892 quidem
616 1829 674 1891 per
697 1831 730 1870 se
754 1812 788 1871 et
809 1808 882 1872 crilc
897 1829 1015 1890 penum
1038 1811 1071 1870 et
1094 1807 1220 1871 inverso
1245 1805 1356 1868 ordine
1374 1825 1491 1886 maon

347 1913 420 1975 erile
450 1916 568 1996 potest.
613 1937 808 1998 ‹piamquam
841 1915 927 1978 cuim
960 1915 1064 1978 erilem
1095 1914 1197 1994 filium-
1229 1912 1273 1976 sic
1302 1911 1492 1994 praeposito

348 2020 509 2084 adice-tivo
536 2021 697 2084 constanti
728 2044 787 2084 usu
818 2022 902 2105 apud
927 2021 1111 2086 Terentium
1135 2019 1288 2102 legimus,
1314 2018 1379 2082 uisi
1407 2017 1492 2101 quod

349 2125 461 2202 semel,
488 2126 543 2188 ubi
569 2126 634 2188 iam
658 2133 876 2190 antecesserat
898 2149 967 2190 cruc
990 2127 1125 2209 montio,
1149 2126 1182 2188 iu
1207 2123 1332 2206 adelph.
1356 2123 1420 2188 301
1446 2123 1493 2188 sic

349 2217 499 2294 ordinare
522 2232 651 2295 maluit:
675 2231 775 2316 ‘quod
800 2233 943 2316 mihique
967 2255 1103 2318 oraeque
1128 2233 1276 2314 filiaeque
1300 2228 1431 2314 erilist'3
1456 2252 1493 2294 ac

349 2335 484 2399 Plautus
516 2359 642 2421 quoque
679 2339 711 2402 in
746 2339 935 2403 Aululariae
971 2362 999 2402 v.
1027 2340 1092 2402 273
1126 2337 1213 2400 ‘erili
1247 2334 1350 2400 filiae'
1385 2335 1494 2418 habet,

349 2445 459 2506 tamen
483 2463 520 2506 cx
549 2444 661 2507 cadem
689 2445 797 2509 fabula
824 2469 852 2508 v.
876 2446 942 2510 580
967 2447 1127 2527 iupuoimu
1151 2444 1223 2507 crilc
1250 2443 1371 2507 notavi.
1416 2464 1493 2506 nam

350 2549 448 2630 paulo
472 2555 547 2632 post
570 2551 766 2634 principium
783 2574 892 2615 versus
908 2551 968 2614 om
997 2553 1069 2614 crilc
1094 2551 1254 2632 troparium
1281 2549 1365 2612 iuter
1389 2554 1492 2632 septe-

349 2655 458 2718 narios
490 2657 675 2721 trochaicus
712 2662 900 2742 corruptum
934 2661 966 2721 ct
999 2661 1051 2720 sat
1082 2655 1296 2740 probabiliter
1329 2677 1348 2718 a
1386 2651 1492 2718 CFW

351 2759 517 2842 Muellcro‚
540 2764 594 2846 qui
618 2766 664 2827 cri
688 2766 731 2827 itu.
756 2766 918 2846 imperium
941 2763 1124 2848 proposuit,
1149 2765 1328 2826 correctum
1354 2763 1411 2824 est.
1449 2761 1495 2844 lu-

351 2866 468 2930 borant
492 2871 616 2932 uumcri
641 2871 739 2933 ctiam
765 2871 797 2934 in
822 2871 888 2934 mil.
903 2871 946 2954 gt.
965 2871 1039 2952 481,
1064 2869 1118 2933 ubi
1143 2868 1189 2932 sic
1213 2867 1365 2930 traditur:
1391 2865 1495 2931 ‘satin

352 2973 435 3034 sciit
458 2973 513 3036 ille
536 2995 593 3038 uec
617 2978 690 3040 erile
712 2979 862 3058 sepullum
887 2977 963 3040 I'lus
987 2974 1104 3056 curat,
1128 2997 1239 3038 verum
1254 2995 1323 3038 esse
1347 2979 1428 3056 puto
1452 2973 1498 3036 cri

351 3079 403 3139 sui
424 3081 586 3162 capotium,
610 3087 646 3144 ut
671 3083 703 3146 in
730 3083 846 3166 Amph.
870 3083 935 3146 692
963 3081 1186 3146 Fleckeiscuus
1215 3081 1260 3143 cri
1282 3081 1342 3143 eracl
1366 3081 1496 3162 imperio

353 3205 411 3265 pro
442 3191 594 3268 corrupto
625 3190 715 3252 csilio.
747 3191 885 3274 scripsit.
933 3189 992 3252 seo
1018 3189 1049 3251 iu
1079 3187 1190 3251 cadem
1221 3187 1332 3250 fabula
1357 3185 1498 3270 legimus

352 3291 483 3352 anticum
507 3293 609 3356 crilrou
635 3317 662 3356 v.
689 3297 759 3358 11-1.
787 3297 849 3360 122
871 3293 997 3358 (contra
1023 3295 1124 3357 crllcur
1149 3294 1281 3355 {triricum
1306 3289 1395 3377 274),
1419 3293 1498 3356 item

352 3397 550 3462 conuitiorum.
579 3401 682 3464 erilem
710 3424 738 3464 v.
762 3403 826 3465 508
854 3400 902 3485 lat
930 3405 1036 3464 soso-o
1064 3401 1149 3461 erilis
1175 3397 1341 3462 concubino
1371 3421 1398 3460 r.
1422 3399 1499 3482 458,

352 3503 454 3566 erilem
488 3508 685 3571 concubinum
718 3531 747 3571 v.
776 3505 966 3592 470.=·saj1.
1021 3507 1110 3582 Quae
1143 3509 1216 3568 utut
1247 3507 1335 3580 suut,
1369 3503 1498 3568 Afranii

354 3615 440 3672 corte
468 3615 627 3677 sententia
653 3615 700 3677 itu
728 3619 916 3696 comparata
942 3616 999 3694 cst,
1023 3619 1058 3676 ut
1082 3613 1184 3676 multo
1208 3611 1376 3676 rotundius
1401 3611 1499 3675 unius

354 3718 503 3782 versiculi
528 3722 606 3782 urhe
630 3721 841 3784 concludatur
854 3743 951 3804 quam
969 3721 999 3783 iu
1015 3720 1095 3783 ‹luos
1110 3717 1319 3781 distrahatur.
1345 3715 1497 3780 Ceterum

353 3819 392 3882 (Ic
415 3824 501 3884 erilis
524 3829 682 3891 vocabulo
706 3828 744 3890 cf.
769 3827 911 3906 Ilaursuy
938 3827 969 3888 iu
997 3824 1197 3888 Mostellaria
1221 3845 1251 3907 p.
1275 3824 1326 3886 03.

443 3929 508 3991 332
537 3935 756 3997 t'ontirmatur
782 3932 968 3996 lhrcchcleri
993 3931 1176 3994 emendatio
1200 3934 1328 4012 practer
1352 3930 1413 3993 inc.
1439 3930 1501 3992 iuc.

355 4037 437 4116 trag.
467 4035 523 4098 161
557 4038 664 4121 ihique
692 4040 859 4103 laudatum
887 4039 957 4100 Tor.
981 4038 1049 4100 hoc.
1074 4037 1139 4100 380
1168 4035 1333 4100 Ciceronis
1362 4035 1401 4097 ud
1432 4035 1501 4098 Att.

355 4137 403 4200 III
428 4141 470 4202 23
494 4151 572 4206 extr.
597 4143 649 4207 ‘ut
670 4169 702 4204 sc
731 4147 822 4208 inilia
844 4145 982 4208 dorimini
1009 4141 1218 4226 perscribas'‚
1247 4141 1330 4204 hirii
1357 4138 1500 4204 xxi-'111

355 4245 385 4324 ἴ),
409 4247 429 4306 9
454 4245 640 4329 ‘pollicitus
663 4257 760 4333 prout·
782 4257 909 4334 tempus
933 4271 970 4314 oc
993 4270 1039 4312 ros
1061 4271 1092 4312 sc
1114 4250 1212 4330 clarel,
1241 4247 1392 4311 omnihus
1416 4247 1501 4310 lutu-

355 4371 425 4414 rum
450 4375 483 4416 se
508 4354 676 4419 arixilium‘
699 4357 710 4418 t
714 4358 740 4418 si
768 4358 918 4420 Puteauci
944 4361 976 4418 et
994 4355 1129 4418 Medicei
1150 4353 1335 4437 corruptela
1357 4353 1496 4417 ‹rereside

356 4463 408 4538 rel,
433 4457 612 4524 Colbcrtini
638 4483 684 4526 rcs
706 4464 786 4527 derel
809 4463 856 4525 sic
879 4466 965 4525 recto
990 4465 1102 4522 suunt-a
1128 4465 1200 4544 est).
1225 4459 1364 4522 Senecae
1388 4458 1427 4520 dc
1452 4459 1502 4522 ira

355 4568 403 4634 III
430 4571 464 4653 7,
492 4572 506 4633 l
533 4569 682 4653 ‘negotia
706 4619 738 4631 ..
763 4569 908 4654 iugentia
1021 4587 1080 4630 nec
1108 4565 1187 4629 daut
1217 4587 1250 4628 se
1280 4563 1377 4628 facile
1409 4567 1443 4627 et
1474 4565 1503 4628 si
