3684 5734
354 661 432 715 XLII
669 691 683 712 ·
794 656 1061 712 conoanamvn

444 822 486 886 59
518 841 636 904 opporm
659 821 686 884 si
710 820 912 886 Buechelero
937 823 1068 885 auctore
1092 820 1227 902 scribes,
1256 841 1333 884 sane
1356 819 1404 884 nil
1427 820 1503 884 miri

356 932 412 992 aut
438 928 503 1006 rari
532 929 567 992 in
594 928 861 993 commutationis
888 929 995 1012 figura
1022 927 1228 1011 relinquitur,
1255 949 1328 990 cum
1352 927 1438 1010 quod
1469 927 1504 992 in

354 1039 467 1101 nostro
496 1039 585 1099 textu
614 1040 664 1099 est
686 1056 734 1098 me
760 1057 820 1118 pro
843 1040 871 1099 te
897 1057 963 1099 non
987 1035 1093 1118 possit
1118 1033 1182 1097 nisi
1209 1033 1338 1098 iocandi
1362 1034 1502 1116 quadam

356 1142 492 1206 audacia
511 1145 544 1204 et
567 1141 697 1224 argutia
715 1142 766 1205 vel
786 1141 940 1224 explicari
960 1142 1011 1205 vel
1030 1139 1186 1205 excusari.
1223 1140 1371 1222 alterum,
1390 1162 1502 1224 quam-

355 1249 404 1312 vis
428 1249 526 1332 paulo
550 1247 714 1312 diversum
733 1248 999 1312 commutationis
1023 1248 1111 1311 illius
1135 1248 1317 1329 exemplum
1341 1247 1445 1312 habes
1470 1249 1503 1314 in

356 1354 594 1437 Amphitruone
627 1377 655 1417 v.
685 1355 764 1418 598:
796 1353 913 1438 ‘neque
944 1405 982 1418 ..
1010 1353 1180 1418 credebam
1213 1354 1320 1437 primo
1353 1354 1504 1420 mihimet

356 1459 479 1540 Sosiae,
502 1459 613 1524 Donec
638 1459 732 1524 Sosia
754 1466 867 1543 cporuct
888 1461 941 1525 ille
962 1461 1041 1524 fecit
1064 1460 1126 1524 sibi
1150 1461 1197 1524 uti
1222 1459 1405 1525 crederem?

443 1568 486 1630 60
518 1567 629 1651 Negat
658 1571 751 1650 pater
782 1568 912 1652 quietam
937 1564 1002 1652 (vel
1028 1564 1145 1653 mater)
1174 1590 1208 1630 se
1238 1568 1273 1631 in
1303 1568 1435 1633 domum
1466 1571 1502 1632 ut

353 1696 470 1738 nurum
494 1677 698 1756 recepturum
723 1697 792 1738 csse
816 1674 968 1758 puellam,
987 1698 1083 1757 quam
1108 1675 1149 1737 ab
1173 1675 1238 1738 alio
1262 1674 1328 1738 iam
1351 1675 1502 1740 vitiatam

355 1803 425 1844 esse-
448 1780 620 1863 comperit:
648 1781 823 1865 respondet
849 1781 949 1863 filius,
977 1785 1084 1845 tamen
1110 1805 1182 1845 cum
1214 1781 1335 1845 infelici
1360 1783 1501 1865 quodam

354 1911 431 1950 casu
455 1909 622 1971 oppressa,
646 1888 675 1950 vi
701 1892 813 1952 coacta
838 1887 888 1972 (ut
911 1890 948 1951 fit
971 1888 1004 1952 in
1028 1884 1163 1972 fabulis)
1187 1887 1294 1969 fuerit,
1309 1891 1423 1952 auctor
1445 1889 1501 1952 fla-

353 1993 426 2078 gitii
456 1993 587 2078 ignotus
615 1995 774 2079 «effugerit,
797 1994 867 2078 ipse
892 1999 1000 2059 autem
1025 2000 1197 2079 postquam
1221 1995 1346 2058 diutina
1370 2017 1500 2060 consue-

353 2101 464 2165 tudine
483 2104 516 2164 et
538 2123 664 2165 morum
688 2102 878 2186 integritate
898 2103 1054 2166 adductus
1078 2124 1187 2166 amare
1207 2125 1278 2165 eam
1298 2103 1502 2167 consueverit

355 2206 448 2289 eique
476 2207 662 2289 coniugium
690 2209 890 2291 promiserit,
924 2210 1068 2273 aninmm
1096 2209 1247 2273 inducere
1275 2231 1309 2272 se
1337 2232 1402 2273 non
1430 2213 1500 2292 pot

353 2312 454 2394 uisse,
482 2315 519 2375 ut
541 2335 614 2376 eum
638 2314 807 2398 gravidam
835 2338 905 2378 esse
930 2339 1001 2380 sero
1025 2315 1244 2398 cognovisset,
1273 2314 1377 2379 solam
1405 2316 1500 2380 relin-

354 2423 467 2501 queret
489 2416 606 2504 (neque
634 2420 687 2485 hic
715 2443 845 2484 neeesse
874 2427 946 2486 creet
973 2423 1130 2486 traditum
1154 2423 1287 2503 relinqui
1308 2443 1380 2486 reon
1398 2424 1502 2504 poterit

354 2522 504 2611 mutare).
533 2531 568 2590 at
587 2527 689 2590 iratus
712 2530 807 2611 pater
829 2551 940 2593 rursus
963 2530 1139 2614 ingessisse
1163 2528 1290 2592 videtur
1313 2551 1376 2594 aon
1392 2549 1501 2612 perpe·

354 2633 416 2694 tior
439 2629 521 2716 (soil.
545 2655 618 2697 eam
642 2634 676 2697 in
703 2635 834 2699 domum
862 2658 968 2700 meam
993 2631 1131 2720 venire):
1158 2656 1221 2700 aon
1245 2637 1336 2699 istum
1364 2636 1415 2730 rel
1438 2658 1501 2701 noa

352 2759 404 2821 epo
427 2740 520 2804 istam
537 2743 704 2822 perferam.
745 2764 822 2805 nam
847 2742 902 2823 sic,
926 2743 959 2805 ni
983 2741 1089 2823 fallor,
1113 2743 1193 2805 satis
1217 2743 1385 2806 commode
1408 2743 1500 2808 locus

352 2846 542 2912 restituitur.
589 2848 706 2912 similis
734 2849 835 2932 igitur
862 2853 960 2911 causa'
984 2848 1052 2911 eius
1076 2870 1158 2931 quae
1181 2848 1215 2910 in
1238 2847 1359 2932 hecyra
1383 2850 1501 2934 agitur,

355 2952 410 3015 sed
439 2953 622 3017 contrariae
650 2954 710 3017 lilii
738 2959 770 3016 ct
792 2955 897 3037 patris
925 2954 1077 3019 rationes.
1122 2953 1188 3018 Uni
1217 2955 1327 3019 omnia
1357 2955 1499 3020 Bacche

352 3058 438 3121 lerus
467 3059 666 3123 aaluleseenti
689 3060 819 3143 tribuit,
846 3061 995 3143 quicum
1023 3083 1117 3124 servo
1141 3061 1306 3144 loquatur:
1333 3062 1368 3125 in
1392 3064 1500 3127 verbis

353 3168 462 3228 autem
487 3165 528 3228 ab
553 3188 590 3229 eo
614 3166 793 3249 propositis
817 3167 1011 3249 typothetae
1030 3168 1126 3251 culpa.
1148 3169 1223 3233 reici
1246 3191 1304 3251 pro
1327 3168 1390 3233 hoc
1414 3170 1498 3253 quod

353 3270 409 3333 ille
432 3271 565 3336 volebat
587 3274 662 3336 re'iei
685 3294 872 3356 expressum
895 3278 953 3337 est.

444 3379 487 3442 85
506 3401 552 3462 sq.
575 3377 651 3444 Nou
676 3379 808 3462 repudio
828 3381 1046 3463 septenarium
1071 3403 1166 3463 quem
1189 3381 1267 3445 fecit
1285 3381 1395 3447 nescio
1413 3382 1500 3466 quis:

354 3484 476 3549 tciretnm
495 3487 617 3568 protiae
640 3491 667 3549 te
689 3488 813 3568 (torrere,
835 3488 934 3552 adicis
955 3493 1106 3568 pareatum
1128 3509 1240 3552 morae.

442 3589 565 3656 Contra
584 3615 612 3654 v.
627 3593 668 3655 tli
693 3592 748 3675 qui
773 3595 926 3674 inpetrare
944 3595 1025 3675 piaret
1043 3595 1128 3657 neeis
1142 3593 1391 3684 commendarit,
1406 3617 1498 3660 suum

352 3697 415 3761 sibi
440 3701 550 3762 teneat
572 3699 712 3781 hiatum,
741 3721 804 3782 qno
827 3700 908 3764 milri
934 3701 982 3762 vel
1014 3701 1095 3781 prata
1117 3701 1270 3780 inpetrare
1293 3704 1444 3784 correpta
1465 3703 1501 3766 ia

353 3804 482 3887 syllaba
506 3806 709 3871 tolerabilius
732 3807 872 3870 videtur:
896 3808 930 3870 in
954 3806 1075 3870 (exitum
1100 3829 1210 3869 versus
1233 3829 1317 3870 nunc
1341 3829 1404 3872 reon
1426 3809 1501 3874 velis

352 3911 438 3992 quod
462 3911 540 3975 olim
564 3913 685 3978 conieci
712 3913 895 3995 reciperem.

441 4017 483 4076 aa
512 4017 662 4082 lllutilum
688 4019 729 4080 alr
753 4018 848 4083 initio
871 4020 972 4083 talem
1001 4020 1080 4082 facit-
1105 4018 1142 4083 el.
1167 4018 1272 4082 lmclrs
1298 4019 1416 4083 stud.l
1445 4021 1501 4085 70:

351 4175 369 4192 ν
391 4121 441 4186 scit
462 4123 595 4187 celeriter
615 4125 669 4204 pr,
691 4126 843 4206 prticipant
862 4129 899 4207 ta
920 4125 998 4189 sutis
1020 4125 1098 4188 heae.

441 4227 484 4292 92
508 4225 557 4293 cf.
581 4229 666 4294 idem
690 4254 720 4313 p.
743 4232 794 4296 73.

445 4441 600 4506 l'alliatac
619 4443 750 4508 fabulae
770 4444 914 4526 reliquiis
937 4445 1089 4509 auliumta.
1113 4445 1308 4509 imcrt-orma
1329 4451 1501 4529 poet-arum

352 4547 455 4610 frusta
475 4547 524 4610 ita
543 4549 620 4612 olim
641 4550 876 4620 ordinaveram.
900 4555 936 4614 nt
954 4552 1142 4634 praemissis
1161 4574 1243 4634 quae
1264 4552 1385 4616 diserto
1410 4555 1501 4618 testi·

355 4653 462 4716 monio
487 4654 537 4717 rel
557 4655 636 4718 aclcn
652 4655 850 4723 Graecorum
872 4659 1038 4724 nominum
1065 4659 1208 4723 locorum
1229 4680 1354 4722 morum
1380 4659 1501 4724 indicio
