3684 5734
352 559 440 614 11le
789 556 1054 613 COROLLARlVbl

351 721 470 785 milites
497 719 712 802 Dyrrachium
741 719 924 783 obsidentes
949 743 986 782 cx
1017 741 1134 802 genere
1158 721 1274 784 radicis
1298 723 1332 786 in
1355 723 1497 788 vallibus

350 829 491 908 invento,
505 825 591 908 quod
607 825 835 908 appellabatur
852 825 955 910 clano,
974 825 1221 891 similitudinem
1239 828 1332 910 panis
1352 829 1497 894 effecisse

348 936 531 997 narrantur.

439 1195 581 1260 ΑΤΤΑΕ
605 1218 687 1278 quae
710 1219 795 1260 nunc
819 1197 1013 1294 coniectura,
1036 1203 1073 1262 ut
1097 1203 1346 1264 consentaneum
1367 1205 1426 1280 est
1450 1203 1497 1268 in-

349 1311 438 1369 certa
457 1303 590 1385 ascripsi
616 1325 643 1366 v.
662 1301 716 1366 11¹
736 1325 839 1386 nuper
856 1326 922 1367 non
941 1305 1084 1369 firmiore.
1108 1306 1290 1388 suspicione
1314 1307 1399 1371 inter
1419 1305 1497 1372 Suei

349 1412 399 1476 sni
422 1410 521 1474 dubia
546 1409 666 1490 recepit
689 1432 785 1492 quem
807 1409 976 1473 nominare
1000 1432 1064 1474 non
1089 1411 1215 1490 attinet,
1237 1413 1326 1476 nisus
1349 1413 1406 1476 ille
1426 1415 1496 1498 qui·

348 1518 422 1581 dem
450 1515 645 1580 Cauchiunis
674 1516 832 1599 excerptis
861 1517 1065 1580 auctoritatis
1094 1517 1230 1601 exiguae
1258 1515 1300 1600 (v.
1324 1517 1425 1582 Keilii
1455 1519 1496 1584 ad

348 1645 485 1707 graium.
508 1620 580 1684 Lat.
612 1621 673 1684 vol.
699 1621 712 1682 l
741 1623 839 1702 praef.
867 1645 897 1704 p.
921 1621 1011 1684 XXV
1038 1635 1110 1706 sep),
1142 1623 1197 1686 ubi
1231 1623 1372 1686 (flinrisii
1405 1625 1495 1688 loeus

348 1732 395 1794 sic
418 1728 597 1810 descriptus
622 1733 683 1788 est:
712 1733 746 1788 ut
768 1749 889 1790 saeuius
912 1739 1024 1810 (supra
1048 1750 1106 1792 ser.
1129 1729 1261 1800 accacius)
1284 1731 1331 1792 ait
1353 1731 1389 1792 in
1410 1731 1495 1794 essedo

347 1835 442 1920 (corr.
464 1833 579 1919 ill-iilo).

439 1941 479 2004 13
508 1963 532 2002 e.
560 1963 587 2004 a.
619 1939 662 2002 lu
689 1941 806 2014 ubetem
834 1961 977 2004 cisia-rouo
1006 1963 1067 2006 ecce
1093 1964 1122 2006 o..
1149 1967 1175 2006 o.
1202 1943 1374 2026 proposuit
1401 1943 1493 2008 Aem.

346 2047 511 2111 Baehrens
536 2069 608 2109 ann.
632 2046 757 2128 philoll.
785 2047 869 2110 1872
891 2070 923 2130 p.
947 2048 1012 2110 3454

440 2155 480 2216 1³3
504 2177 548 2234 sq.
582 2149 702 2215 Cloatii
737 2153 842 2215 verbis
875 2175 895 2215 a
927 2153 1094 2218 Macrobio
1126 2153 1266 2218 laudatis
1299 2177 1371 2218 cum
1403 2156 1493 2238 prius

348 2263 487 2326 tantuin.
516 2261 672 2320 Graecani
696 2280 810 2321 nucem
834 2259 1031 2340 ainygclalen
1053 2259 1175 2342 vocari,
1203 2261 1361 2342 firmetur,
1384 2283 1492 2326 neces·

346 2365 432 2428 sario
453 2365 529 2426 Atta
554 2363 667 2427 testari
685 2363 833 2431 ‹lebeluil
862 2365 1006 2428 Thasium
1027 2387 1141 2430 nuecin
1162 2366 1295 2428 eandein
1316 2366 1492 2450 appellari:

346 2492 424 2555 ergo
447 2471 480 2534 in
507 2492 613 2533 versus
637 2471 732 2534 initio
755 2493 820 2534 non
844 2493 949 2534 uectum
973 2473 1134 2548 (lroecana
1159 2472 1213 2535 secl
1230 2471 1381 2536 llmsiom
1405 2496 1491 2538 coin-

347 2577 529 2642 menclatani
554 2577 653 2640 fnisse
677 2582 936 2641 consentaneum.
983 2579 1132 2641 catorum
1161 2578 1274 2641 dubito
1303 2582 1411 2642 utrnin
1441 2603 1492 2644 co-

345 2707 444 2767 quum
468 2707 510 2748 an
532 2684 693 2747 meclicnin
716 2684 804 2766 loqui
828 2688 979 2747 statuam.
1023 2684 1178 2766 namqui
1203 2685 1492 2767 suppurationibus

346 2792 480 2854 intensis
508 2790 646 2862 laborat,
670 2790 697 2852 ei
724 2789 811 2851 ‘cuni
840 2790 935 2852 melle
959 2791 1115 2872 quaedum
1146 2788 1267 2852 edenda
1294 2794 1332 2853 ut
1358 2791 1491 2856 nucleos

345 2899 458 2980 pineus
483 2897 531 2958 vel
551 2917 684 2978 graecas
703 2919 799 2958 nuces
818 2897 869 2959 vel
889 2895 1066 2959 avellanas’
1091 2895 1256 2978 praecepit
1271 2893 1384 2958 Celsus
1409 2897 1491 2960 nied.

344 3003 393 3066 III
422 3005 522 3084 124.

436 3109 484 3170 nu
508 3109 544 3170 21
584 3108 699 3171 addere
732 3113 880 3191 poteram
897 3131 958 3190 pro
991 3113 1065 3173 alite
1090 3109 1205 3190 popuclo
1233 3111 1370 3172 fortasse
1399 3132 1490 3176 mero

344 3214 470 3277 librarii
495 3235 601 3276 errore
625 3218 731 3277 ortuin
755 3239 831 3278 esse.

433 3319 485 3382 ⁶23.
518 3318 555 3382 ln
583 3319 735 3383 lcininate
762 3322 879 3385 Nonius
906 3321 1019 3385 Dulata
1053 3323 1222 3404 probabile
1255 3321 1383 3386 videtur
1413 3321 1490 3399 Qui·

343 3426 498 3489 cherutln.

434 3691 663 3756 ll'laln'll'a
691 3693 788 3755 l'rinii
810 3716 917 3757 sersus
938 3695 1057 3757 exilum
1080 3695 1131 3757 uni
1153 3717 1189 3756 ex
1210 3695 1323 3758 amieis
1343 3696 1376 3758 in
1401 3719 1489 3760 inen-

343 3805 407 3862 teni
441 3799 615 3882 aliquando
645 3805 774 3862 tenuarat
807 3802 906 3881 lripus
934 3802 1089 3882 ell'ecisse,
1123 3805 1158 3863 ut
1186 3801 1309 3864 «oraculi
1333 3800 1489 3885 Delphici

343 3904 527 3984 aenigniutu
553 3913 586 3966 et
609 3905 762 3984 ainluiges
786 3911 898 3968 notatu
925 3907 1053 3970 luerint.

432 4013 451 4070 3}
476 4032 601 4072 ›iocatus-n
630 4012 865 4074 suulunundus
890 4012 1041 4092 coniecit,
1069 4013 1153 4096 quocl
1184 4019 1293 4076 lumen
1318 4013 1358 4076 ad
1381 4015 1489 4078 notio-

342 4139 414 4178 neni
440 4124 470 4177 et
496 4140 586 4179 usum
617 4117 710 4180 liuius
736 4118 836 4190 vocis,
864 4119 991 4200 ‹piuleni
1023 4119 1054 4180 in
1079 4120 1250 4182 corollario
1275 4119 1314 4182 ad
1344 4121 1489 4202 tragicos

343 4247 371 4306 p.
398 4223 453 4286 xl'
480 4251 525 4306 sq.
549 4224 690 4305 expiasti,
715 4247 778 4288 non
802 4229 854 4287 sat
875 4224 1033 4307 «pessulano
1058 4225 1192 4289 videtur.

431 4331 448 4392 l
474 4331 551 4392 lautu
577 4335 650 4391 anile
675 4329 853 4394 llereeruin
874 4330 983 4394 llouzu
1010 4333 1091 4413 expl.
1111 4331 1211 4394 l'laut.
1226 4331 1271 4394 lll
1290 4331 1332 4394 :24
1379 4337 1491 4396 comas!

341 4459 432 4500 cuasa
457 4442 467 4498 l
494 4435 564 4500 l'us,
591 4435 613 4497 l'
661 4434 782 4500 lleletis
810 4442 841 4498 lu
867 4445 898 4500 et
921 4437 970 4500 liic
998 4437 1159 4500 ,cellarium
1188 4437 1295 4500 ellieeit
1324 4435 1489 4502 Vsenerus

342 4565 421 4606 liciis.
445 4542 546 4606 llhcn.
570 4540 708 4604 xxvlll
735 4545 799 4607 406
