3684 5734
756 741 953 795 PVBLILIVS
971 738 1083 791 SYRVS

373 899 413 960 12
437 897 489 961 An
514 901 552 961 ut
574 902 723 962 mairona
746 898 862 961 oruata
886 897 1028 981 phaleris
1051 896 1187 981 pelagiis

436 1013 545 1077 Tollit
567 1013 664 1097 pedes
687 1013 846 1077 inddmibn
868 1014 902 1077 in
926 1016 1029 1077 stratu
1052 1012 1229 1076 extraneo?

374 1129 412 1191 ti
438 1128 586 1213 Aequum
610 1130 661 1192 est
683 1128 815 1192 induere
839 1132 975 1213 nuptam
999 1131 1132 1192 uentum
1156 1127 1313 1208 ie‘xiilern,

440 1243 548 1307 Palaiai
573 1247 719 1327 prospare
743 1243 864 1308 nudam
883 1244 916 1307 in
941 1244 1060 1308 nebula
1083 1241 1194 1307 lines?

908 1393 941 1459 Π

437 1510 521 1586 Quid
545 1512 623 1595 e'rgo
646 1509 680 1574 iu
704 1513 817 1574 uenire
840 1510 926 1594 parti
949 1510 1119 1585 sarabaris
1141 1514 1198 1574 buo

375 1626 420 1688 20
443 1624 675 1709 Suspenderii‘?

349 1819 487 1871 Wiiiffiiui
500 1819 623 1886 prolegg.
640 1824 670 1872 13
739 1820 765 1870 11
785 1820 908 1872 Isidorus
925 1820 993 1886 orig.
1008 1821 1071 1871 xix
1084 1824 1119 1872 23
1133 1812 1329 1871 ‘sarabaras
1346 1825 1411 1871 sunt
1423 1821 1498 1870 fluxa

350 1904 383 1937 ae
402 1888 516 1938 sinuosa
534 1889 711 1952 uestimenta,
730 1888 764 1938 de
782 1890 882 1954 quibus
901 1887 1004 1994 legitpr
1022 1890 1049 1939 in
1068 1889 1276 1940 Daniele...et
1293 1888 1447 1979 Publius:
1466 1893 1497 1938 nt

348 2006 424 2072 quid'
438 2023 461 2057 e.
475 2021 500 2071 q.
514 2021 537 2060 s.
573 2005 882 2071 (PupiiusWoiieub.
895 2005 1063 2072 pinuphius,
1076 2009 1240 2072 nupsissent
1253 2005 1498 2072 plubliusbion„

348 2091 416 2127 corr.
436 2090 470 2127 m.
488 2071 516 2139 2)
551 2072 594 2124 Oi.
613 2075 711 2125 Pollux
731 2075 782 2126 vii
800 2078 833 2125 59
852 2075 875 2126 Χ
896 2076 944 2125 168

435 2253 473 2309 12
496 2261 543 2308 aut
566 2260 596 2308 ut
614 2251 813 2310 Tornaesiunu
830 2269 884 2310 unu
901 2262 931 2310 ut
946 2252 1128 2310 Munclterus
1214 2251 1303 2309 inieris
1328 2253 1414 2327 Trap.
1430 2267 1497 2313 exe.

358 2339 435 2395 Voss.
522 2337 634 2411 pelagus
661 2338 747 2412 Trup.
777 2337 856 2395 Voss.
879 2337 975 2411 Gue1s.
1064 2330 1177 2413 paiagiis
1203 2338 1341 2395 Tornaes.
1362 2356 1418 2412 mp.

351 2422 390 2480 13
413 2422 493 2479 tnihs
508 2424 604 2479 maim
667 2424 751 2478 sirato
770 2421 859 2496 Rern.
927 2421 965 2479 17
988 2431 1066 2479 estue
1083 2423 1221 2480 Heinsius
1285 2422 1397 2479 iuduere
1419 2422 1498 2479 Laid.

349 2506 478 2564 inducere
503 2507 589 2580 Trup.
613 2507 705 2564 Rern.
727 2508 809 2565 utor.
841 2507 921 2565 Voss.
945 2501 1214 2581 Guels.‚‘Sumbttei
1233 2508 1295 2563 cuti.
1318 2514 1350 2564 ut
1371 2509 1428 2563 uiti.

350 2592 443 2650 textile
466 2592 544 2648 Voss.
560 2609 596 2647 m.
610 2609 659 2664 pr.
683 2591 801 2649 teetiletu
816 2591 888 2649 Pur.
956 2591 995 2648 18
1018 2591 1077 2666 pais
1093 2591 1164 2649 Par.
1230 2590 1300 2646 iinea
1321 2590 1412 2662 Laid„
1435 2593 1498 2648 edd.

349 2678 424 2734 Pith.
447 2683 475 2732 et
493 2677 631 2736 Tomara.
654 2675 733 2732 lunae
749 2677 840 2734 Bam.
865 2677 929 2734 Vat.
952 2676 1033 2734 ider.
1057 2676 1185 2733 Messon.
1209 2674 1305 2748 dacels.
1327 2675 1391 2732 lune
1410 2676 1498 2750 Trup.

359 2763 437 2818 Voss.
462 2761 533 2818 Pur.
622 2760 660 2818 19
685 2769 715 2816 ut
736 2760 800 2835 quid
821 2764 902 2834 iibri,
925 2763 1087 2833 dedanim,
1116 2768 1285 2834 corruptum
1304 2760 1378 2834 fort.
1401 2776 1442 2818 ex
1457 2758 1499 2816 'ait

434 2848 461 2903 iu
485 2853 581 2902 uentre
603 2846 671 2919 parti
695 2845 832 2902 sarabaras
854 2855 904 2903 tuo
926 2847 1034 2919 scripsi
1053 2846 1080 2902 iu
1096 2853 1193 2903 uentre
1215 2855 1264 2902 tun
1286 2846 1355 2920 parti
1376 2843 1499 2901 sarabara
1569 2914 1573 2921 ¹

358 2947 499 3021 Wdlenb.
521 2947 637 3004 Monac.
662 2947 819 3005 Germana.
842 2949 914 3018 dun,
938 2950 995 3004 uiri
1015 2948 1092 3020 quud
1112 2946 1200 3020 parthi
1230 2947 1373 3021 Wolfenb.
1396 2947 1501 3021 parthis,

350 3033 468 3092 Monac.
492 3032 580 3106 parthi
594 3033 620 3087 in
647 3042 742 3088 trentre
765 3042 814 3089 tun
828 3031 966 3088 sarabaras
980 3047 1042 3088 suas
1058 3031 1111 3088 Ga.
1131 3033 1145 3087 1
1171 3034 1198 3088 in
1222 3041 1317 3088 uentre
1339 3039 1388 3088 tun
1410 3031 1499 3106 parthi

350 3117 485 3174 sarabaras
506 3133 568 3173 suas
592 3117 645 3173 Gn.
670 3116 699 3173 2.
721 3117 750 3175 3.
838 3116 880 3175 20
900 3115 1074 3191 suspenderit
1095 3118 1204 3190 scripsi
1222 3116 1362 3189 (sortasse
1383 3123 1498 3174 octonu-

336 3207 425 3268 ¹rium
452 3204 616 3273 claudebat)
649 3201 839 3277 suspenderint
868 3201 963 3258 Germ.
992 3201 1055 3258 805
1083 3193 1281 3275 suspenderint
1314 3201 1408 3260 Germ.
1436 3200 1499 3259 800

350 3288 551 3363 suspenderunt
579 3291 671 3346 ceteri
689 3288 758 3344 iibri
777 3285 957 3361 suspenderat
978 3288 1043 3342 oiim
1065 3290 1184 3343 conteri.
1272 3285 1336 3360 quid
1358 3285 1444 3360 ergo?
1471 3286 1499 3341 in

352 3382 446 3430 uetttre
461 3372 551 3428 Parthi
574 3371 632 3443 (uei
648 3371 738 3427 Parthi
761 3372 788 3436 in
805 3370 911 3442 tteutre)
933 3369 1071 3456 sapabaras
1094 3378 1142 3427 tuo
1157 3372 1353 3446 suspenderant
1370 3368 1500 3427 Bueche-

351 3461 433 3514 ierus
