3684 5734
792 717 1058 774 COROLLARIVM
1392 721 1493 776 LXXV

385 881 525 948 Erodicie
548 883 712 966 scriptura
733 883 829 946 serati
851 883 916 946 erit
937 883 1077 947 fortasse
1101 884 1155 967 qui
1178 885 1245 947 sari
1266 889 1302 947 nt
1324 884 1419 947 malit
1442 884 1497 948 eli-

385 1011 444 1054 cere.
478 987 516 1054 In
541 987 653 1053 Plauti
680 989 839 1053 morell
867 988 944 1052 ‘tibi
973 990 1062 1072 aras,
1094 990 1155 1054 tibi
1184 1011 1292 1072 occas,
1325 988 1386 1054 tibi
1413 992 1497 1068 seris,

383 1095 431 1160 tibi
458 1097 529 1160 nem
565 1095 679 1160 metis'
711 1096 797 1182 quod
834 1118 872 1160 ex
903 1094 1027 1160 codo
1054 1097 1137 1161 saris
1168 1095 1298 1160 restitui
1331 1095 1429 1160 iussit
1460 1097 1497 1159 Α.

386 1201 499 1268 lioebins
520 1225 602 1266 mus.
620 1201 723 1267 Ithen.
736 1201 830 1267 XXV
848 1203 914 1268 620
937 1203 1072 1266 refutari
1096 1203 1223 1266 videtur
1241 1200 1388 1284 exemplo
1403 1201 1497 1285 Epid.

385 1307 449 1384 112,
464 1309 503 1374 llll
524 1309 617 1373 ‘mihi
641 1309 716 1373 istie
739 1332 798 1374 nee
822 1310 941 1373 seritur
964 1332 1022 1373 ner
1047 1307 1201 1373 metitnr’.
1229 1331 1305 1372 nam
1328 1309 1406 1372 bina
1429 1308 1497 1372 illie¹

384 1437 482 1500 qnoque
510 1416 658 1481 membra
685 1416 798 1480 arandi
826 1420 859 1478 et
882 1416 1030 1496 siccandi,
1063 1415 1189 1479 serendi
1217 1419 1250 1478 et
1282 1416 1420 1479 metendi
1451 1416 1496 1478 di-

384 1522 546 1606 slinguenda
573 1526 656 1587 sunt.
703 1523 741 1587 Α.
764 1522 873 1586 Luchs
901 1523 1023 1587 studi
1052 1524 1094 1587 68
1127 1523 1266 1586 eonieeit
1298 1521 1497 1585 dubitanter:

384 1627 527 1708 waiam
548 1629 624 1707 sero,
646 1651 744 1706 senaa
766 1631 848 1709 frtris
870 1628 962 1709 <laras
985 1630 1041 1693 lrlri
1063 1627 1185 1712 alpos).

449 1754 504 1818 291
535 1751 733 1838 Corruptum
760 1755 938 1838 essequod
968 1757 1044 1838 post
1065 1754 1247 1818 inbecillitas
1273 1753 1413 1816 traditur
1443 1758 1498 1817 lua

382 1857 568 1926 Bneebelerus
599 1861 772 1940 intellexit,
804 1861 858 1944 qni
887 1863 994 1924 tamen
1023 1883 1095 1924 enm
1125 1860 1347 1924 antecedentia
1374 1860 1498 1923 intaeta

381 1965 528 2050 reliquerit,
552 1969 587 2034 in
608 1967 671 2032 hoo
693 1968 864 2050 quaesivit,
887 1968 982 2051 qrrale
1006 1967 1040 2031 in
1054 1967 1112 2045 illo
1131 1969 1234 2048 perdit
1257 1967 1497 2050 indagaveram,

379 2073 543 2156 prohibendi
569 2074 701 2158 aliquod
723 2073 869 2153 verbum,
891 2074 980 2137 velut
1002 2076 1138 2137 retardat
1162 2074 1230 2136 sive
1254 2077 1403 2135 irrorata-r.

447 2197 586 2262 Fabulae
610 2220 692 2282 quae
706 2197 868 2262 Simulare
892 2199 1081 2263 inscribitur
1097 2203 1324 2282 argumentum
1339 2195 1497 2278 Koechly,

376 2303 480 2390 allega
506 2305 745 2386 ornatissimus,
773 2306 885 2388 paucis
914 2306 1122 2369 adumbravit
1149 2306 1183 2368 in
1208 2303 1376 2369 Sestianae
1399 2303 1496 2366 inter-

373 2412 536 2492 pretatione
558 2411 734 2476 remaaula
757 2409 1012 2497 Stuttgardiensi
1036 2435 1066 2496 p.
1090 2413 1141 2475 95.

443 2536 505 2600 304
520 2559 568 2620 sq.
592 2535 745 2600 Senarioe
767 2535 957 2600 Bneelreleri
982 2537 1033 2600 vel
1057 2539 1192 2620 propter
1215 2537 1390 2616 canticum,
1415 2537 1497 2599 unde

370 2639 436 2706 haec
457 2646 607 2726 excerpta
631 2665 701 2706 esse
724 2645 854 2706 constat
868 2639 1034 2708 Ciceronis
1059 2643 1256 2720 testimonio,
1280 2643 1417 2725 probare
1432 2665 1496 2704 non

365 2749 454 2830 potui.
490 2749 736 2814 alienissimum
761 2771 780 2812 a
803 2750 962 2813 sententia
979 2750 1197 2833 Bergkiannrn
1222 2749 1290 2825 11111,
1313 2771 1376 2831 qno
1400 2748 1497 2810 mira-

364 2853 451 2919 bundi
474 2858 618 2938 utuntur,
640 2877 707 2920 non
730 2855 974 2940 indignabundi.

441 2980 504 3044 307
532 2978 610 3044 Non
632 2981 740 3064 recepi
762 3000 810 3044 me
831 2981 865 3043 in
888 2983 1013 3044 textrun
1038 2981 1185 3064 quamvis
1209 2976 1393 3062 probabile,
1420 2976 1498 3058 quia

357 3091 406 3150 sat
431 3087 617 3170 frequenter
644 3086 677 3150 in
704 3086 890 3151 fabulamur
917 3086 1025 3150 titulis
1054 3087 1235 3151 ablativum
1263 3082 1449 3148 accusativo
1479 3107 1498 3146 a

355 3193 496 3258 librariis
524 3194 644 3256 mutari
673 3193 780 3256 video:
807 3194 992 3256 erectricem
1020 3193 1111 3257 (tarr.
1141 3194 1195 3256 lli
1229 3188 1322 3262 (inite
1346 3189 1499 3272 1111111111),

353 3301 386 3364 111
406 3301 541 3382 papilem
569 3299 631 3362 193
654 3295 732 3384 (nisi
755 3299 841 3362 forte
864 3300 898 3364 in
921 3301 1064 3384 pugilem
1089 3301 1153 3363 diei
1182 3298 1350 3382 sequentia
1373 3296 1496 3360 intelle-

351 3405 440 3492 gas),
468 3406 670 3488 {raptionem
692 3405 815 3489 Turpil.
839 3407 917 3484 201,
941 3407 1134 3489 transyleonl’
1158 3406 1236 3487 2011,
1263 3403 1414 3467 doorinrrn
1437 3424 1497 3485 pro

350 3513 464 3578 (lmine
490 3513 603 3576 Afran.
627 3512 701 3576 223.
726 3513 804 3594 224,
831 3535 951 3578 aornim
975 3515 1053 3595 226,
1080 3515 1233 3595 rriryinem
1257 3513 1335 3592 341,
1362 3509 1498 3573 taedam

348 3619 509 3704 l'ompon.
533 3619 587 3702 53,
610 3619 705 3682 utera
729 3641 788 3702 pro
812 3621 876 3684 lare
899 3621 951 3700 61,
976 3621 1112 3685 lateam
1127 3619 1178 3683 62.

441 3743 509 3806 316
536 3741 645 3808 Causa
666 3743 758 3807 nulla
780 3748 830 3808 est
853 3767 909 3808 eur
937 3745 969 3808 111
993 3744 1229 3808 dubitationem
1259 3743 1390 3805 voe-etur
1413 3739 1497 3821 qnod

347 3849 507 3916 traditum
538 3853 588 3914 est
614 3851 689 3914 dari.
734 3873 810 3914 nam
838 3854 875 3914 ut
902 3851 1032 3914 mittam
1061 3850 1250 3933 ambiguum
1278 3845 1417 3910 dndriae
1440 3844 1497 3907 'le-

347 3957 521 4020 rentianae
544 3956 651 4020 locum
676 3979 703 4019 v.
727 3957 805 4039 204,
829 3957 883 4020 ubi
909 3980 982 4020 enm
1007 3957 1099 4020 libris
1123 3955 1244 4034 nostris
1268 3954 1394 4017 Nonius
1418 3953 1497 4034 legit

347 4063 416 4127 ‘aa
435 4063 505 4124 dira
529 4063 603 4142 tibi,
629 4061 680 4126 Ne
703 4063 824 4126 temere
846 4061 972 4134 laeias’.
999 4062 1147 4126 Donatus
1172 4065 1282 4124 ronta
1311 4061 1404 4135 edna,
1433 4080 1498 4122 eer-

346 4169 482 4234 tissima
515 4171 592 4232 ennt
622 4169 771 4252 exempla
802 4168 866 4233 duo
894 4191 923 4235 v.
946 4169 1010 4232 594
1040 4169 1087 4233 ‘ut
1115 4170 1288 4252 adparetnr
1311 4164 1439 4244 diram',
1467 4171 1499 4226 et

346 4275 441 4340 haut.
470 4273 538 4336 2340
570 4271 692 4338 ‘die-am
725 4279 761 4338 ut
792 4277 976 4339 reportatur
1007 4273 1159 4340 domum'.
1205 4274 1286 4336 Item
1324 4273 1358 4335 in
1395 4270 1498 4334 milito

347 4379 498 4466 glorioso
532 4379 666 4444 l'lautns
696 4404 724 4444 v.
751 4381 813 4444 185
844 4381 926 4444 ‘dixi
958 4403 1018 4466 ego
1042 4380 1141 4444 istur'
1171 4384 1203 4442 et
1227 4378 1304 4441 ‘boe
1332 4378 1362 4439 ei
1390 4375 1498 4439 dicito.

350 4484 469 4552 Porra'
497 4489 507 4552 l
516 4485 577 4550 hoo
606 4487 690 4550 enim
723 4510 783 4570 pro
812 4487 869 4552 illo
898 4489 1032 4570 proserta
1060 4485 1319 4551 substituendum
1350 4504 1419 4545 esse
1447 4504 1497 4544 su·

348 4593 477 4676 apieor)
501 4591 554 4656 ‘ut
576 4615 616 4656 ne
639 4614 801 4676 quoquam
826 4594 864 4656 de
889 4594 1019 4676 ingenio
1043 4593 1249 4677 degrediatur
1273 4587 1443 4654 muliebri’.

444 4716 510 4780 2127
545 4713 721 4786 Notasaem
754 4717 917 4806 integrum
951 4717 1168 4804 septenarium
1204 4719 1235 4786 in
1267 4715 1403 4798 Arparros
1435 4715 1498 4779 ium
