3684 5734
799 671 1064 731 COROLLARIVM
1418 679 1507 734 XLIII

390 838 515 923 palliatae
540 838 653 922 generi
682 838 887 902 vindicantur
909 835 1070 922 (I-XV,
1099 840 1215 923 quibus
1240 842 1396 905 accedunt
1420 842 1506 908 XVI.

389 945 481 1012 XXIV.
501 943 631 1010 XXVI?
654 944 755 1009 XLII.
779 944 894 1009 LXIV.
918 945 1032 1010 LXXI.
1056 946 1217 1032 mm),
1242 948 1392 1011 adderem
1417 949 1505 1032 quid·
1587 961 1594 974 '

388 1053 447 1136 quid
466 1055 626 1136 praeterea
649 1053 809 1117 comicum
833 1053 975 1116 colorem
999 1076 1077 1136 prae
1102 1077 1135 1116 se
1159 1055 1243 1116 ferre
1267 1055 1431 1119 vide-retur
1454 1079 1506 1120 ne·

387 1183 435 1244 que
452 1159 617 1224 manifesto
637 1159 688 1222 vel
713 1160 754 1223 ad
776 1163 908 1242 togatas
934 1161 983 1223 vel
1003 1161 1043 1224 ad
1061 1161 1229 1224 Atellanas
1248 1163 1297 1225 vel
1322 1163 1362 1226 ad
1388 1163 1505 1228 mimos

388 1267 545 1350 pertineret,
572 1287 772 1348 quamquam
795 1266 966 1331 decernere
994 1268 1074 1331 nihil
1099 1268 1138 1331 cle
1167 1268 1291 1350 origine
1320 1268 1434 1332 horum
1461 1269 1505 1334 lo-

386 1395 472 1436 cerum
492 1373 668 1436 volueram.
714 1373 858 1447 Quorum
883 1374 917 1437 in
941 1375 1052 1437 ordine
1081 1375 1307 1439 constituendo
1331 1375 1505 1439 seutentia-

384 1503 438 1544 rum
457 1484 485 1543 el
506 1480 678 1543 notionum
701 1479 863 1563 quandam
888 1481 1135 1544 similitudinem
1165 1482 1352 1563 plerumque
1376 1485 1505 1545 secutus

383 1609 460 1650 eram.
500 1586 681 1650 consultius
709 1586 838 1669 quidem
867 1587 986 1668 fuerat,
1014 1586 1042 1648 si
1068 1587 1117 1650 vel
1142 1586 1275 1650 testium
1300 1586 1504 1671 singulorum

382 1695 451 1758 iuxta
473 1693 651 1778 posuissem
677 1692 825 1774 exerrrpla
848 1693 899 1756 vel
929 1694 1074 1775 ipsorum
1098 1693 1360 1758 testimoniorum
1385 1715 1505 1778 genera

381 1801 508 1866 subtilius
531 1799 761 1864 distinxissem.
803 1800 859 1863 sed
887 1823 970 1864 nuuc
1001 1801 1120 1883 partim
1144 1801 1287 1883 expurlsis
1310 1801 1503 1884 quibusdam

380 1907 549 1994 fragmentis
573 1907 692 1990 prartiru
717 1907 810 1970 novis
834 1906 953 1969 additis
978 1911 1084 1970 totum
1112 1911 1297 1971 contextum
1327 1908 1452 1970 solvere.
1477 1909 1503 1971 si

379 2013 586 2084 ipatiluissem.
612 2017 646 2076 et
673 2014 766 2077 index
794 2014 968 2077 verborum
995 2013 1057 2076 hac
1088 2014 1120 2077 in
1150 2018 1240 2096 parte
1270 2015 1364 2096 plane
1389 2014 1427 2077 tle
1459 2014 1504 2076 in-

379 2125 452 2204 tegro
482 2120 674 2184 retexendus
705 2119 837 2200 fuisset,
868 2143 927 2184 nee
958 2121 999 2184 ad
1027 2120 1146 2182 veteris
1179 2120 1323 2203 syllogus
1354 2141 1504 2182 numeros

379 2226 430 2290 ullo
459 2226 554 2291 modo
587 2225 762 2310 quadraret
798 2227 878 2290 haec
911 2228 1023 2290 altera.
1070 2247 1147 2308 ergo
1184 2224 1311 2289 servavi
1347 2228 1503 2308 <parantum

378 2333 484 2416 quidem
517 2333 586 2397 lieri
615 2336 747 2415 poterat
773 2334 942 2416 antiquum
972 2334 1126 2398 orclinem.
1173 2331 1290 2414 Aliter,
1319 2331 1345 2394 si
1375 2332 1503 2416 Integra

377 2446 536 2522 recesset,
569 2462 633 2503 uno
666 2443 842 2522 conspectu
874 2440 1062 2522 complexus
1095 2461 1198 2501 essem
1232 2460 1257 2500 e.
1285 2461 1310 2502 c.
1338 2460 1450 2500 versus
1485 2462 1504 2502 a.

375 2546 506 2611 l'harisio
525 2546 677 2610 laudatos
695 2547 765 2629 (qui
784 2569 869 2610 nunc
889 2551 966 2610 sunt
988 2546 1026 2609 fr.
1050 2545 1108 2609 III.
1132 2544 1282 2610 XXXIV.
1301 2543 1501 2608 XXXVII-

375 2651 473 2717 XLIII.
487 2652 709 2717 LVII—LIX.
725 2650 904 2738 LXXVII),
929 2656 1096 2736 praeterea
1115 2652 1240 2734 siquae
1264 2652 1297 2714 in
1322 2673 1503 2715 sermonem

372 2760 446 2824 mrllo
476 2759 598 2824 imilcio
630 2759 719 2823 fact-0
753 2759 902 2823 videntur
935 2759 1057 2822 inserta
1089 2781 1160 2822 esse
1192 2761 1362 2842 poctarum
1396 2758 1504 2838 verba,

370 2868 495 2931 maxime
523 2867 557 2930 in
586 2865 751 2930 Ciceronis
780 2865 931 2949 epistulis
963 2863 1041 2950 (quo
1070 2866 1235 2949 pertinent
1262 2864 1300 2927 fr.
1325 2862 1385 2927 XX
1418 2863 1503 2946 apuul

368 2971 562 3054 Frontonem,
585 2971 672 3036 XIX.
696 2971 783 3035 XXI.
807 2971 922 3035 XLVI.
947 2971 1024 3035 LIII
1049 2973 1083 3036 in
1102 2970 1268 3034 Ciceronis
1293 2970 1334 3034 ad
1349 2970 1504 3051 Atticum,

364 3079 494 3146 XXXVI
527 3083 657 3163 praeter
685 3077 978 3142 XXVIII-XXX
1011 3078 1044 3141 in
1075 3078 1217 3141 eiusdem
1251 3077 1291 3140 ad
1324 3076 1503 3141 familiares

361 3188 511 3272 epistulis,
534 3193 566 3250 et
590 3185 665 3249 LIV
689 3186 724 3248 in
748 3184 894 3249 oratione
915 3181 1099 3269 Caeliana),
1124 3188 1193 3248 tmn
1218 3183 1358 3248 Senecae
1382 3186 1502 3248 cetero-

359 3317 488 3378 rumque
521 3317 559 3356 ex
593 3293 704 3356 ordine
737 3291 935 3357 testimonia.

443 3401 594 3464 Ceterum
610 3397 731 3461 Imstra
746 3396 780 3461 in
795 3397 922 3482 sylloge.
937 3403 1048 3463 nostra
1064 3404 1097 3462 ct
1115 3395 1242 3481 γνωτὸς
1259 3392 1341 3462 κούκ
1355 3392 1505 3479 lynceos

354 3508 416 3572 iste
440 3513 474 3570 et
498 3505 634 3570 Bootius
662 3508 818 3587 ‹praerent
844 3527 940 3588 quem
969 3506 1053 3569 alter
1085 3530 1143 3570 suo
1177 3506 1338 3587 acumine,
1370 3505 1452 3568 alter
1485 3528 1504 3566 a

354 3614 549 3696 I'erllrampo
579 3612 721 3674 monitus
749 3611 783 3674 in
808 3611 975 3675 Ciceronis
1005 3612 1043 3675 ml
1071 3612 1216 3676 :lttieum
1245 3612 1394 3695 epistulis
1422 3609 1503 3674 XIII

350 3721 440 3798 52⁸2
464 3719 638 3802 lnelagasse
661 3717 723 3781 sibi
743 3718 804 3781 visi
829 3723 905 3783 aruo
924 3720 1086 3783 senarium
1110 3719 1228 3783 abillo
1251 3720 1296 3782 sic
1317 3718 1503 3781 restitutum

348 3827 463 3892 nnuibo
486 3831 514 3888 le
536 3823 602 3898 (vel
623 3821 700 3901 lete),
722 3826 822 3889 coelem
845 3826 888 3889 ciel
911 3848 957 3890 me
975 3849 1044 3890 rura
1067 3827 1219 3900 reuellere,
1243 3825 1298 3889 ubi
1323 3824 1432 3886 hiatus
1457 3824 1505 3886 leel

349 3932 523 3998 scribendo
548 3931 645 4014 paulo
667 3931 783 3994 melius
798 3932 893 3995 vitari
919 3938 1062 4016 poterat:
1086 3933 1220 3997 ridicule
1235 3929 1354 3994 Batavi
1376 3928 1504 3992 clodum

347 4043 394 4104 nd
414 4062 464 4103 iric
492 4039 675 4102 voluerunt.
722 4038 775 4100 secl
805 4043 919 4102 rieuler
942 4038 1173 4103 arrirmulvertit
1196 4039 1340 4100 l'uturum
1365 4058 1434 4100 esse
1458 4057 1504 4099 re-

348 4153 464 4212 rerlerc
487 4145 520 4208 iu
550 4144 795 4227 sirnplicissimo
825 4146 992 4229 popularis
1021 4143 1295 4210 eonialmlationis
1319 4144 1415 4226 elicto,
1439 4167 1502 4226 quio

347 4255 467 4318 l'icero
496 4274 575 4316 uaris
604 4256 655 4315 est
682 4253 826 4316 scribens
855 4252 990 4335 ‘hospes
1019 4257 1128 4316 tamen
1156 4273 1221 4314 nou
1248 4250 1277 4314 is
1302 4250 1352 4314 cui
1381 4250 1503 4313 illceres

344 4359 462 4424 ‹rmoo
486 4363 522 4434 lc,
544 4359 648 4422 coelem
670 4360 714 4422 uel
736 4381 789 4436 rue,
813 4381 882 4424 erim
905 4364 1057 4422 revertere.
1090 4358 1187 4422 semel
1210 4357 1290 4420 satis
1310 4354 1380 4419 est.’
1413 4355 1501 4436 allelui

346 4467 434 4530 haec
459 4464 577 4528 ultima
600 4486 726 4548 quoque
750 4469 866 4548 poetae
891 4488 961 4528 esse
981 4465 1131 4527 videntur
1149 4463 1282 4528 Iteratio!
1312 4462 1367 4545 qui
1392 4483 1505 4524 vereor

346 4595 390 4638 ne
425 4572 460 4634 in
499 4571 601 4634 allero
635 4593 761 4654 querique
794 4571 1009 4654 epistularum
1042 4592 1175 4653 corpore
1210 4569 1327 4632 similia
1363 4566 1506 4650 plurima

348 4676 487 4744 cornicis
510 4676 734 4742 vindicat-urus
760 4678 812 4762 sit,
837 4679 929 4742 velut
951 4678 1035 4762 quod
1050 4677 1204 4742 'I'relmtio
1220 4676 1334 4741 Cicero
1359 4674 1414 4760 (ml
1429 4659 1505 4742 foul.
