3684 5734
344 540 420 598 CXX
792 539 843 593 AD
863 536 1047 594 heroicos

432 703 538 769 Huius
557 701 687 768 fabrdao
701 701 741 769 fr.
753 701 817 768 Vll
832 725 862 767 v.
879 703 942 767 122
957 723 1025 786 sqq.
1040 701 1124 785 tluod
1138 699 1348 766 Lachmamio
1364 707 1497 770 aiictore

343 810 513 897 composui
547 808 745 893 discerptum
775 830 887 873 mrsus
920 809 968 873 ita
1001 829 1115 872 sanare
1151 807 1215 871 sibi
1246 807 1377 892 quidam
1408 811 1496 876 visus

344 921 407 1004 est,
429 920 468 983 ut
490 916 627 982 senariis
651 915 730 980 alibi
755 915 939 980 Thoantem
962 915 1014 978 his

503 1023 647 1109 primum
669 1022 731 1087 hdo
755 1022 870 1087 abste
894 1019 1025 1107 or0,n1‘
1047 1043 1098 1086 me
1122 1021 1355 1088 inexoriibilem

504 1127 602 1214 faxis,
619 1129 655 1193 ni
678 1135 769 1194 tuam
791 1129 954 1212 turpassis
978 1127 1165 1193 vanitddine

505 1237 646 1302 aetitem

349 1343 429 1408 alibi
450 1341 596 1428 Pyladen
619 1344 665 1408 sie
688 1345 778 1428 loqui
802 1344 959 1408 solueret:

479 1448 597 1514 Oresta
619 1451 677 1533 mi,
700 1473 741 1514 ne
764 1451 887 1534 plectas
910 1447 1001 1512 fandi
1024 1445 1072 1512 mi
1093 1448 1358 1533 prolixihidinem

345 1555 402 1621 ubi
435 1554 591 1639 ‘plectas'
622 1557 784 1642 intellegit
818 1555 1009 1640 ‘exprobres
1018 1554 1037 1639 ⁹,
1067 1555 1152 1640 qnod
1183 1577 1243 1641 ego
1274 1559 1307 1620 et
1337 1557 1369 1620 ni
1400 1557 1500 1622 fallor

345 1661 572 1728 Lachmamrus
597 1685 723 1747 quoque
743 1661 887 1727 ‘nestas’
908 1663 976 1726 sire
996 1660 1120 1726 ‘lexas'
1139 1663 1345 1746 interpretati
1360 1684 1499 1727 eramus.

347 1768 497 1835 Ceterum
521 1769 680 1834 Thoantis
709 1791 882 1854 personam
910 1769 1043 1833 omniuo
1073 1771 1114 1833 ab
1137 1770 1198 1834 hae
1222 1769 1332 1834 fabula
1357 1770 1498 1834 alienam

348 1897 418 1940 esse
446 1875 527 1940 mihi
555 1898 640 1940 nune
667 1876 828 1961 persuasi,
855 1898 913 1940 neo
942 1898 1096 1959 uniquam
1121 1876 1196 1961 quid
1220 1876 1253 1939 in
1277 1897 1316 1940 ea
1338 1877 1499 1941 orationis

348 1983 463 2068 forma,
487 2005 584 2067 quam
608 1983 702 2069 edidi,
725 1983 856 2047 molesti
879 1983 998 2047 inesset
1023 2005 1086 2047 non
1112 1983 1208 2049 sensi.
1239 1983 1336 2068 paulo
1356 2004 1500 2048 eommo-

349 2087 441 2154 diora
464 2090 603 2155 forsitan
626 2090 706 2156 haee
729 2088 912 2156 videantur:

549 2197 691 2280 primum
712 2194 776 2260 hoo
799 2196 856 2260 abs
879 2200 913 2259 te
937 2217 994 2260 oro
1019 2193 1135 2282 (erlinus
1158 2195 1391 2260 inexorabilem

507 2301 604 2388 fixis,
628 2303 661 2366 ni
683 2303 844 2386 turpdssis
868 2303 1054 2368 vanihidine
1078 2304 1218 2366 aetatem
1241 2301 1360 2389 tuam),

507 2411 578 2495 6ro,
601 2408 696 2475 ur'rni'
717 2431 758 2472 ne
781 2409 905 2493 plectas
929 2409 1016 2474 fandi
1041 2405 1089 2472 mi
1110 2408 1385 2492 prolixitddinem.

439 2514 526 2580 Nam
553 2516 725 2582 trochaeos
755 2515 947 2580 manifestos
975 2520 1011 2579 nt
1043 2515 1274 2598 transponendi
1305 2517 1436 2583 lieentia
1467 2519 1502 2584 in

352 2624 479 2688 iambos
509 2643 626 2709 cogam
654 2645 831 2708 numquam
862 2622 1017 2704 adducar3
1052 2622 1135 2684 alter
1165 2622 1292 2706 quidem
1325 2625 1501 2690 versiculus

353 2731 440 2795 iusta
462 2751 575 2796 carens
599 2753 732 2794 caesura
757 2732 794 2794 ut
814 2728 910 2793 laude
934 2727 1086 2812 indiguus
1111 2750 1201 2812 saue,
1225 2730 1271 2792 ila
1295 2733 1502 2796 excusatione

353 2841 487 2922 propter
516 2837 655 2921 ‹prinque
684 2837 883 2922 syllabarum
912 2835 996 2918 quod
1025 2834 1194 2898 intere-edit
1219 2837 1412 2902 voealnrlmn
1437 2861 1503 2904 non

354 2945 442 3009 omni
470 2944 645 3008 destitutus
678 2947 737 3008 est.
788 2943 906 3026 duplex
934 2945 1042 3005 autem
1070 2962 1122 3004 oro
1151 2942 1201 3005 eni
1231 2943 1281 3007 rel
1310 2944 1503 3028 interposita

353 3049 538 3134 parenthesi
564 3049 726 3134 displicet,
749 3049 900 3113 distribui
924 3050 1007 3111 iuter
1031 3048 1109 3112 duas
1133 3071 1289 3132 personas
1314 3050 1358 3114 sie
1384 3053 1502 3135 possit:

401 3155 558 3237 [animum
573 3159 691 3240 trurnr,]
707 3157 848 3241 primum
863 3155 923 3220 lide
940 3157 997 3218 abs
1013 3159 1044 3218 te
1060 3177 1131 3238 oro,
1150 3153 1256 3219 minus
1271 3157 1504 3223 inexorabilem

400 3261 493 3326 faxis.
538 3267 554 3336 l
576 3265 611 3326 ni
635 3265 795 3346 turpissis
819 3262 1007 3326 vanitudine
1031 3263 1171 3326 uel-alem
1195 3266 1298 3348 tuam,

400 3371 472 3455 (iro,
494 3370 569 3434 nive
593 3371 716 3454 plectas
739 3368 828 3434 fandi
852 3368 900 3434 uri
920 3369 1195 3454 prolixihidinem.

357 3477 424 3542 sive
453 3477 489 3540 in
516 3481 660 3543 extremo
688 3499 784 3542 versu
806 3479 925 3562 ruanis,
953 3477 1039 3561 quod
1062 3498 1127 3540 non
1150 3475 1280 3562 longius
1304 3500 1324 3540 a
1347 3479 1504 3544 librorum

356 3585 513 3649 memoria
536 3585 642 3649 abest:

546 3693 617 3755 dre:
640 3693 767 3756 arrianae
787 3693 892 3772 [letias
914 3690 1002 3755 sandi
1026 3690 1078 3755 nie'
1091 3691 1317 3772 prolicddde'ae

356 3799 425 3862 sive
449 3799 521 3880 quis
545 3796 625 3862 adeo
640 3795 886 3881 Guelferbytani
910 3799 1072 3882 scriptura
1091 3818 1141 3862 ero
1161 3796 1253 3862 abuti
1271 3797 1361 3864 volet
1375 3799 1409 3864 in
1422 3799 1504 3868 haue

357 3903 591 3968 coniecturam:

648 4031 717 4094 erpo
738 4009 834 4074 rrirni'
857 4031 895 4074 no
918 4011 1041 4093 plectas
1065 4011 1086 4074 f.
1110 4011 1154 4074 mi
1178 4033 1209 4094 p.

445 4113 473 4179 F
474 4113 628 4181 riderieus
647 4115 713 4182 Leo
738 4117 771 4180 in
791 4119 961 4181 sententiis
986 4123 1129 4182 controv.
1168 4117 1414 4201 quaestionibus
1434 4121 1506 4186 hri-

359 4221 561 4306 stephanus,
585 4223 807 4288 dissertationi
823 4222 987 4289 Bonnensi
1012 4249 1040 4290 a.
1059 4225 1141 4290 1813
1166 4224 1298 4289 adnexis
1313 4248 1343 4290 v.
1360 4227 1421 4292 127
1441 4249 1506 4294 non

359 4329 584 4393 cohaerentem
608 4352 681 4393 eum
708 4331 770 4394 125
793 4353 839 4414 sq.
863 4331 957 4394 initio
983 4331 1028 4396 sie
1052 4331 1172 4414 corrigi
1197 4332 1315 4395 suasit:

493 4435 582 4500 ciere
603 4436 657 4520 nii,
678 4457 719 4498 ne
742 4438 865 4521 plectas
890 4437 978 4502 linrdi
1003 4439 1048 4502 mi
1072 4437 1347 4520 prolixitudineru.

449 4540 486 4604 ln
502 4563 596 4606 versu
613 4541 933 4609 restaurassent
947 4545 1027 4609 ›rirrn'
1040 4545 1157 4609 habere
1168 4543 1269 4608 fertur
1280 4543 1391 4609 addita
1401 4567 1418 4612 s
1430 4553 1503 4614 m?
